@string{june = {June}}

@article{1999AstL...25..430L,
 adsnote = {Provided by the SAO/NASA Astrophysics Data System},
 adsurl = {https://ui.adsabs.harvard.edu/abs/1999AstL...25..430L},
 author = {{Lamzin}, S.~A.},
 journal = {Astronomy Letters},
 month = {July},
 number = {7},
 pages = {430-436},
 title = {{X-ray emission from T Tauri stars attributable to an accretion shock wave}},
 volume = {25},
 year = {1999}
}

@ARTICLE{Kastner_2005,
       author = {{Kastner}, Joel H. and {Franz}, Geoffrey and {Grosso}, Nicolas and {Bally}, John and {McCaughrean}, Mark J. and {Getman}, Konstantin and {Feigelson}, Eric D. and {Schulz}, Norbert S.},
        title = "{X-Ray Emission from Orion Nebula Cluster Stars with Circumstellar Disks and Jets}",
      journal = {\apjs},
     keywords = {Stars: Circumstellar Matter, ISM: Herbig-Haro Objects, Galaxy: Open Clusters and Associations: Individual: Name: Orion Nebula Cluster, Stars: Planetary Systems: Protoplanetary Disks, Stars: Pre-Main-Sequence, X-Rays: Stars, Astrophysics},
         year = 2005,
        month = oct,
       volume = {160},
       number = {2},
        pages = {511-529},
          doi = {10.1086/432096},
archivePrefix = {arXiv},
       eprint = {astro-ph/0506650},
 primaryClass = {astro-ph},
       adsurl = {https://ui.adsabs.harvard.edu/abs/2005ApJS..160..511K},
      adsnote = {Provided by the SAO/NASA Astrophysics Data System}
}

@ARTICLE{Ness_2002,
       author = {{Ness}, J. -U. and {Schmitt}, J.~H.~M.~M. and {Burwitz}, V. and {Mewe}, R. and {Raassen}, A.~J.~J. and {van der Meer}, R.~L.~J. and {Predehl}, P. and {Brinkman}, A.~C.},
        title = "{Coronal density diagnostics with Helium-like triplets: CHANDRA-LETGS observations of Algol, Capella, Procyon, epsilon Eri, alpha Cen A\&B, UX Ari, AD Leo, YY Gem, and HR 1099}",
      journal = {\aap},
     keywords = {atomic data, techniques: spectroscopic, stars: coronae, stars: late-type, stars: activity, X-rays: stars, Astrophysics},
         year = 2002,
        month = nov,
       volume = {394},
        pages = {911-926},
          doi = {10.1051/0004-6361:20021146},
archivePrefix = {arXiv},
       eprint = {astro-ph/0209033},
 primaryClass = {astro-ph},
       adsurl = {https://ui.adsabs.harvard.edu/abs/2002A&A...394..911N},
      adsnote = {Provided by the SAO/NASA Astrophysics Data System}
}

@ARTICLE{Stelzer_2004,
       author = {{Stelzer}, B. and {Schmitt}, J.~H.~M.~M.},
        title = "{X-ray emission from a metal depleted accretion shock onto the classical T Tauri star TW Hya}",
      journal = {\aap},
     keywords = {X-rays: stars, stars: individual: TW Hya, stars: pre-main sequence, stars: coronae, stars: activity, accretion, Astrophysics},
         year = 2004,
        month = may,
       volume = {418},
        pages = {687-697},
          doi = {10.1051/0004-6361:20040041},
archivePrefix = {arXiv},
       eprint = {astro-ph/0402108},
 primaryClass = {astro-ph},
       adsurl = {https://ui.adsabs.harvard.edu/abs/2004A&A...418..687S},
      adsnote = {Provided by the SAO/NASA Astrophysics Data System}
}

@ARTICLE{Drake_2005,
       author = {{Drake}, Jeremy J. and {Testa}, Paola and {Hartmann}, Lee},
        title = "{X-Ray Diagnostics of Grain Depletion in Matter Accreting onto T Tauri Stars}",
      journal = {\apjl},
     keywords = {Stars: Circumstellar Matter, Stars: Formation, Stars: Individual: Constellation Name: BP Tauri, Stars: Individual: Constellation Name: TW Hydrae, X-Rays: Stars, Astrophysics},
         year = 2005,
        month = jul,
       volume = {627},
       number = {2},
        pages = {L149-L152},
          doi = {10.1086/432468},
archivePrefix = {arXiv},
       eprint = {astro-ph/0506185},
 primaryClass = {astro-ph},
       adsurl = {https://ui.adsabs.harvard.edu/abs/2005ApJ...627L.149D},
      adsnote = {Provided by the SAO/NASA Astrophysics Data System}
}

@ARTICLE{Donati_2011,
       author = {{Donati}, J. -F. and {Gregory}, S.~G. and {Alencar}, S.~H.~P. and {Bouvier}, J. and {Hussain}, G. and {Skelly}, M. and {Dougados}, C. and {Jardine}, M.~M. and {M{\'e}nard}, F. and {Romanova}, M.~M. and {Unruh}, Y.~C.},
        title = "{The large-scale magnetic field and poleward mass accretion of the classical T Tauri star TW Hya}",
      journal = {\mnras},
     keywords = {techniques: polarimetric, stars: formation, stars: imaging, stars: individual: TW Hya, stars: magnetic field, stars: rotation, Astrophysics - Solar and Stellar Astrophysics},
         year = 2011,
        month = oct,
       volume = {417},
       number = {1},
        pages = {472-487},
          doi = {10.1111/j.1365-2966.2011.19288.x},
archivePrefix = {arXiv},
       eprint = {1106.4162},
 primaryClass = {astro-ph.SR},
       adsurl = {https://ui.adsabs.harvard.edu/abs/2011MNRAS.417..472D},
      adsnote = {Provided by the SAO/NASA Astrophysics Data System}
}



@ARTICLE{Schneider_2018,
       author = {{Schneider}, P.~C. and {G{\"u}nther}, H.~M. and {Robrade}, J. and {Schmitt}, J.~H.~M.~M. and {G{\"u}del}, M.},
        title = "{Multiepoch, multiwavelength study of accretion onto T Tauri. X-ray versus optical and UV accretion tracers}",
      journal = {\aap},
     keywords = {stars: individual: T Tauri, stars: variables: T Tauri, Herbig Ae/Be, ultraviolet: stars, stars: pre-main sequence, X-rays: stars, accretion, accretion disks, Astrophysics - Solar and Stellar Astrophysics},
         year = 2018,
        month = oct,
       volume = {618},
          eid = {A55},
        pages = {A55},
          doi = {10.1051/0004-6361/201731613},
archivePrefix = {arXiv},
       eprint = {1806.06788},
 primaryClass = {astro-ph.SR},
       adsurl = {https://ui.adsabs.harvard.edu/abs/2018A&A...618A..55S},
      adsnote = {Provided by the SAO/NASA Astrophysics Data System}
}




@ARTICLE{Schneider_2013a,
       author = {{Schneider}, P.~C. and {Eisl{\"o}ffel}, J. and {G{\"u}del}, M. and {G{\"u}nther}, H.~M. and {Herczeg}, G. and {Robrade}, J. and {Schmitt}, J.~H.~M.~M.},
        title = "{HST FUV C iv observations of the hot DG Tauri jet}",
      journal = {\aap},
     keywords = {stars: winds, outflows, stars: pre-main sequence, ISM: jets and outflows, ultraviolet: stars, stars: individual: DG Tauri, Astrophysics - Solar and Stellar Astrophysics},
         year = 2013,
        month = feb,
       volume = {550},
          eid = {L1},
        pages = {L1},
          doi = {10.1051/0004-6361/201118592},
archivePrefix = {arXiv},
       eprint = {1212.6363},
 primaryClass = {astro-ph.SR},
       adsurl = {https://ui.adsabs.harvard.edu/abs/2013A&A...550L...1S},
      adsnote = {Provided by the SAO/NASA Astrophysics Data System}
}

@ARTICLE{Nisini_2018,
       author = {{Nisini}, B. and {Antoniucci}, S. and {Alcal{\'a}}, J.~M. and {Giannini}, T. and {Manara}, C.~F. and {Natta}, A. and {Fedele}, D. and {Biazzo}, K.},
        title = "{Connection between jets, winds and accretion in T Tauri stars. The X-shooter view}",
      journal = {\aap},
     keywords = {stars: low-mass, line: formation, ISM: jets and outflows, accretion, accretion disks, Astrophysics - Solar and Stellar Astrophysics, Astrophysics - Astrophysics of Galaxies},
         year = 2018,
        month = jan,
       volume = {609},
          eid = {A87},
        pages = {A87},
          doi = {10.1051/0004-6361/201730834},
archivePrefix = {arXiv},
       eprint = {1710.05587},
 primaryClass = {astro-ph.SR},
       adsurl = {https://ui.adsabs.harvard.edu/abs/2018A&A...609A..87N},
      adsnote = {Provided by the SAO/NASA Astrophysics Data System}
}


@INPROCEEDINGS{Cabrit_2007,
       author = {{Cabrit}, S.},
        title = "{The accretion-ejection connexion in T Tauri stars: jet models vs. observations}",
     keywords = {Hydrodynamics, stars: pre{\textendash}main-sequence, stars: winds, outflows, ISM: jets and outflows},
    booktitle = {Star-Disk Interaction in Young Stars},
         year = 2007,
       editor = {{Bouvier}, Jerome and {Appenzeller}, Immo},
       volume = {243},
        month = may,
        pages = {203-214},
          doi = {10.1017/S1743921307009568},
       adsurl = {https://ui.adsabs.harvard.edu/abs/2007IAUS..243..203C},
      adsnote = {Provided by the SAO/NASA Astrophysics Data System}
}

@ARTICLE{Eisloffel_1994,
       author = {{Eisloffel}, Jochen and {Mundt}, Reinhard and {Bohm}, Karl-Heinz},
        title = "{Structure and Proper Motions in Herbig-Haro Objects 1 and 2}",
      journal = {\aj},
     keywords = {Condensing, Herbig-Haro Objects, Kinematics, Shock Waves, Spectral Emission, Stellar Motions, Stellar Physics, Stellar Structure, Astronomical Photometry, Astronomical Spectroscopy, Correlation, Graphs (Charts), Line Spectra, Radial Velocity, Spectrum Analysis, Tables (Data), Astronomy, STARS: PRE-MAIN SEQUENCE},
         year = 1994,
        month = sep,
       volume = {108},
        pages = {1042},
          doi = {10.1086/117133},
       adsurl = {https://ui.adsabs.harvard.edu/abs/1994AJ....108.1042E},
      adsnote = {Provided by the SAO/NASA Astrophysics Data System}
}

@ARTICLE{Draine_1993,
       author = {{Draine}, Bruce T. and {McKee}, Christopher F.},
        title = "{Theory of interstellar shocks.}",
      journal = {\araa},
     keywords = {Fluid Dynamics, Interstellar Space, Ionized Gases, Shock Wave Propagation, Stellar Winds, Cosmic Plasma, Interstellar Gas, Astrophysics},
         year = 1993,
        month = jan,
       volume = {31},
        pages = {373-432},
          doi = {10.1146/annurev.aa.31.090193.002105},
       adsurl = {https://ui.adsabs.harvard.edu/abs/1993ARA&A..31..373D},
      adsnote = {Provided by the SAO/NASA Astrophysics Data System}
}



@ARTICLE{Guenther_2009,
       author = {{G{\"u}nther}, H.~M. and {Matt}, S.~P. and {Li}, Z. -Y.},
        title = "{Revealing the fastest component of the DG Tauri outflow through X-rays}",
      journal = {\aap},
     keywords = {stars: formation, stars: winds, outflows, stars:, individual: DG Tau, stars: mass-loss, Astrophysics},
         year = 2009,
        month = jan,
       volume = {493},
       number = {2},
        pages = {579-584},
          doi = {10.1051/0004-6361:200810886},
archivePrefix = {arXiv},
       eprint = {0811.1666},
 primaryClass = {astro-ph},
       adsurl = {https://ui.adsabs.harvard.edu/abs/2009A&A...493..579G},
      adsnote = {Provided by the SAO/NASA Astrophysics Data System}
}

@ARTICLE{Liu_2021,
       author = {{Liu}, Chun-Fan and {Shang}, Hsien and {Herczeg}, Gregory J. and {Walter}, Frederick M.},
        title = "{Revealing Ionization Conditions of Sz 102 with Spatially Resolved [Ne III] Microjets}",
      journal = {\apj},
     keywords = {Classical T Tauri stars, Jets, X-ray stars, 252, 870, 1823, Astrophysics - Solar and Stellar Astrophysics, Astrophysics - Astrophysics of Galaxies},
         year = 2021,
        month = mar,
       volume = {909},
       number = {2},
          eid = {196},
        pages = {196},
          doi = {10.3847/1538-4357/abd626},
archivePrefix = {arXiv},
       eprint = {2012.15044},
 primaryClass = {astro-ph.SR},
       adsurl = {https://ui.adsabs.harvard.edu/abs/2021ApJ...909..196L},
      adsnote = {Provided by the SAO/NASA Astrophysics Data System}
}

@ARTICLE{Bonito_2007,
       author = {{Bonito}, R. and {Orlando}, S. and {Peres}, G. and {Favata}, F. and {Rosner}, R.},
        title = "{X-rays from protostellar jets: emission from continuous flows}",
      journal = {\aap},
     keywords = {shock waves, ISM: Herbig-Haro objects, ISM: jets and outflows, X-rays: ISM, Astrophysics},
         year = 2007,
        month = feb,
       volume = {462},
       number = {2},
        pages = {645-656},
          doi = {10.1051/0004-6361:20065236},
archivePrefix = {arXiv},
       eprint = {astro-ph/0610507},
 primaryClass = {astro-ph},
       adsurl = {https://ui.adsabs.harvard.edu/abs/2007A&A...462..645B},
      adsnote = {Provided by the SAO/NASA Astrophysics Data System}
}

@ARTICLE{Skinner_2018,
       author = {{Skinner}, Stephen L. and {Schneider}, P. Christian and {Audard}, Marc and {G{\"u}del}, Manuel},
        title = "{Resolving the Inner Arcsecond of the RY Tau Jet with HST}",
      journal = {\apj},
     keywords = {ISM: jets and outflows, stars: individual: RY Tau, stars: mass-loss, stars: pre-main sequence, ultraviolet: stars, Astrophysics - Solar and Stellar Astrophysics, Astrophysics - Astrophysics of Galaxies},
         year = 2018,
        month = mar,
       volume = {855},
       number = {2},
          eid = {143},
        pages = {143},
          doi = {10.3847/1538-4357/aaab58},
archivePrefix = {arXiv},
       eprint = {1801.08568},
 primaryClass = {astro-ph.SR},
       adsurl = {https://ui.adsabs.harvard.edu/abs/2018ApJ...855..143S},
      adsnote = {Provided by the SAO/NASA Astrophysics Data System}
}

@ARTICLE{Albertazzi_2014,
       author = {{Albertazzi}, B. and {Ciardi}, A. and {Nakatsutsumi}, M. and {Vinci}, T. and {B{\'e}ard}, J. and {Bonito}, R. and {Billette}, J. and {Borghesi}, M. and {Burkley}, Z. and {Chen}, S.~N. and {Cowan}, T.~E. and {Herrmannsd{\"o}rfer}, T. and {Higginson}, D.~P. and {Kroll}, F. and {Pikuz}, S.~A. and {Naughton}, K. and {Romagnani}, L. and {Riconda}, C. and {Revet}, G. and {Riquier}, R. and {Schlenvoigt}, H. -P. and {Skobelev}, I. Yu. and {Faenov}, A. Ya. and {Soloviev}, A. and {Huarte-Espinosa}, M. and {Frank}, A. and {Portugall}, O. and {P{\'e}pin}, H. and {Fuchs}, J.},
        title = "{Laboratory formation of a scaled protostellar jet by coaligned poloidal magnetic field}",
      journal = {Science},
     keywords = {ASTRONOMY},
         year = 2014,
        month = oct,
       volume = {346},
       number = {6207},
        pages = {325-328},
          doi = {10.1126/science.1259694},
       adsurl = {https://ui.adsabs.harvard.edu/abs/2014Sci...346..325A},
      adsnote = {Provided by the SAO/NASA Astrophysics Data System}
}



@ARTICLE{White_2014,
       author = {{White}, M.~C. and {McGregor}, P.~J. and {Bicknell}, G.~V. and {Salmeron}, R. and {Beck}, T.~L.},
        title = "{Multi-epoch sub-arcsecond [Fe II] spectroimaging of the DG Tau outflows with NIFS - I. First data epoch}",
      journal = {\mnras},
     keywords = {MHD, techniques: high angular resolution, techniques: imaging spectroscopy, stars: individual: DG Tauri, stars: jets, stars: protostars, Astrophysics - Solar and Stellar Astrophysics},
         year = 2014,
        month = jun,
       volume = {441},
       number = {2},
        pages = {1681-1707},
          doi = {10.1093/mnras/stu654},
archivePrefix = {arXiv},
       eprint = {1404.0728},
 primaryClass = {astro-ph.SR},
       adsurl = {https://ui.adsabs.harvard.edu/abs/2014MNRAS.441.1681W},
      adsnote = {Provided by the SAO/NASA Astrophysics Data System}
}



@ARTICLE{Guenther_2014,
       author = {{G{\"u}nther}, Hans Moritz and {Li}, Zhi-Yun and {Schneider}, P.~C.},
        title = "{Recollimation Boundary Layers as X-Ray Sources in Young Stellar Jets}",
      journal = {\apj},
     keywords = {ISM: jets and outflows, shock waves, stars: formation, stars: individual: DG Tau, stars: mass-loss, stars: pre-main sequence, stars: winds, outflows, Astrophysics - Solar and Stellar Astrophysics},
         year = 2014,
        month = nov,
       volume = {795},
       number = {1},
          eid = {51},
        pages = {51},
          doi = {10.1088/0004-637X/795/1/51},
archivePrefix = {arXiv},
       eprint = {1409.0787},
 primaryClass = {astro-ph.SR},
       adsurl = {https://ui.adsabs.harvard.edu/abs/2014ApJ...795...51G},
      adsnote = {Provided by the SAO/NASA Astrophysics Data System}
}



@ARTICLE{Takasao_2017,
       author = {{Takasao}, Shinsuke and {Suzuki}, Takeru K. and {Shibata}, Kazunari},
        title = "{A Theoretical Model of X-Ray Jets from Young Stellar Objects}",
      journal = {\apj},
     keywords = {magnetic reconnection, protoplanetary disks, stars: jets, stars: winds, outflows, Astrophysics - Solar and Stellar Astrophysics, Astrophysics - Earth and Planetary Astrophysics},
         year = 2017,
        month = sep,
       volume = {847},
       number = {1},
          eid = {46},
        pages = {46},
          doi = {10.3847/1538-4357/aa8722},
archivePrefix = {arXiv},
       eprint = {1708.05388},
 primaryClass = {astro-ph.SR},
       adsurl = {https://ui.adsabs.harvard.edu/abs/2017ApJ...847...46T},
      adsnote = {Provided by the SAO/NASA Astrophysics Data System}
}



@ARTICLE{Nisini_2016,
       author = {{Nisini}, B. and {Giannini}, T. and {Antoniucci}, S. and {Alcal{\'a}}, J.~M. and {Bacciotti}, F. and {Podio}, L.},
        title = "{The small-scale HH34 IRS jet as seen by X-shooter}",
      journal = {\aap},
     keywords = {stars: formation, stars: protostars, ISM: jets and outflows, ISM: individual objects: HH34, Astrophysics - Solar and Stellar Astrophysics, Astrophysics - Astrophysics of Galaxies},
         year = 2016,
        month = nov,
       volume = {595},
          eid = {A76},
        pages = {A76},
          doi = {10.1051/0004-6361/201628853},
archivePrefix = {arXiv},
       eprint = {1608.03792},
 primaryClass = {astro-ph.SR},
       adsurl = {https://ui.adsabs.harvard.edu/abs/2016A&A...595A..76N},
      adsnote = {Provided by the SAO/NASA Astrophysics Data System}
}

@ARTICLE{Bacciotti_2011,
       author = {{Bacciotti}, F. and {Whelan}, E.~T. and {Alcal{\'a}}, J.~M. and {Nisini}, B. and {Podio}, L. and {Randich}, S. and {Stelzer}, B. and {Cupani}, G.},
        title = "{The First X-shooter Observations of Jets from Young Stars}",
      journal = {\apjl},
     keywords = {ISM: jets and outflows, stars: formation, Astrophysics - Solar and Stellar Astrophysics},
         year = 2011,
        month = aug,
       volume = {737},
       number = {2},
          eid = {L26},
        pages = {L26},
          doi = {10.1088/2041-8205/737/2/L26},
archivePrefix = {arXiv},
       eprint = {1106.3860},
 primaryClass = {astro-ph.SR},
       adsurl = {https://ui.adsabs.harvard.edu/abs/2011ApJ...737L..26B},
      adsnote = {Provided by the SAO/NASA Astrophysics Data System}
}



@ARTICLE{Xu_2021,
       author = {{Xu}, Ziyan and {Herczeg}, Gregory J. and {Johns-Krull}, Christopher M. and {France}, Kevin},
        title = "{Probing Protoplanetary Disk Winds with C II Absorption}",
      journal = {arXiv e-prints},
     keywords = {Astrophysics - Solar and Stellar Astrophysics},
         year = 2021,
        month = jul,
          eid = {arXiv:2107.11188},
        pages = {arXiv:2107.11188},
archivePrefix = {arXiv},
       eprint = {2107.11188},
 primaryClass = {astro-ph.SR},
       adsurl = {https://ui.adsabs.harvard.edu/abs/2021arXiv210711188X},
      adsnote = {Provided by the SAO/NASA Astrophysics Data System}
}


@ARTICLE{Edwards_2006,
       author = {{Edwards}, Suzan and {Fischer}, William and {Hillenbrand}, Lynne and {Kwan}, John},
        title = "{Probing T Tauri Accretion and Outflow with 1 Micron Spectroscopy}",
      journal = {\apj},
     keywords = {Stars: Planetary Systems: Protoplanetary Disks, Stars: Formation, Stars: Pre-Main-Sequence, Stars: Winds, Outflows, Astrophysics},
         year = 2006,
        month = jul,
       volume = {646},
       number = {1},
        pages = {319-341},
          doi = {10.1086/504832},
archivePrefix = {arXiv},
       eprint = {astro-ph/0604006},
 primaryClass = {astro-ph},
       adsurl = {https://ui.adsabs.harvard.edu/abs/2006ApJ...646..319E},
      adsnote = {Provided by the SAO/NASA Astrophysics Data System}
}




@ARTICLE{Lavalley_2000,
       author = {{Lavalley-Fouquet}, C. and {Cabrit}, S. and {Dougados}, C.},
        title = "{DG Tau: A shocking jet}",
      journal = {\aap},
     keywords = {SHOCK WAVES, STARS: INDIVIDUAL:, STARS: PRE-MAIN SEQUENCE, ISM: JETS AND OUTFLOWS},
         year = 2000,
        month = apr,
       volume = {356},
        pages = {L41-L44},
       adsurl = {https://ui.adsabs.harvard.edu/abs/2000A&A...356L..41L},
      adsnote = {Provided by the SAO/NASA Astrophysics Data System}
}



@ARTICLE{Dere_1997,
   author = {{Dere}, K.~P. and {Landi}, E. and {Mason}, H.~E. and {Monsignori Fossi}, B.~C. and 
	{Young}, P.~R.},
    title = "{CHIANTI - an atomic database for emission lines}",
  journal = {\aaps},
 keywords = {ATOMIC DATA, ASTRONOMICAL DATA BASES: MISCELLANEOUS, ULTRAVIOLET: GENERAL, SUN: ATMOSPHERE, STARS: ATMOSPHERE},
     year = 1997,
    month = oct,
   volume = 125,
    pages = {149-173},
      doi = {10.1051/aas:1997368},
   adsurl = {http://adsabs.harvard.edu/abs/1997A%26AS..125..149D},
  adsnote = {Provided by the SAO/NASA Astrophysics Data System}
}

@INPROCEEDINGS{Guedel_2011,
       author = {{G{\"u}del}, M. and {Audard}, M. and {Bacciotti}, F. and {Bary}, J.~S. and {Briggs}, K.~R. and {Cabrit}, S. and {Carmona}, A. and {Codella}, C. and {Dougados}, C. and {Eisl{\"o}ffel}, J. and {Gueth}, F. and {G{\"u}nther}, H.~M. and {Herczeg}, G. and {Kundurthy}, P. and {Matt}, S.~P. and {Mutel}, R.~L. and {Ray}, T. and {Schmitt}, J.~H.~M.~M. and {Schneider}, P.~C. and {Skinner}, S.~L. and {van Boekel}, R.},
        title = "{The Bipolar X-Ray Jet of the Classical T Tauri Star DG Tau}",
     keywords = {Astrophysics - Solar and Stellar Astrophysics, Astrophysics - High Energy Astrophysical Phenomena},
    booktitle = {16th Cambridge Workshop on Cool Stars, Stellar Systems, and the Sun},
         year = 2011,
       editor = {{Johns-Krull}, Christopher and {Browning}, Matthew K. and {West}, Andrew A.},
       series = {Astronomical Society of the Pacific Conference Series},
       volume = {448},
        month = dec,
        pages = {617},
archivePrefix = {arXiv},
       eprint = {1101.2780},
 primaryClass = {astro-ph.SR},
       adsurl = {https://ui.adsabs.harvard.edu/abs/2011ASPC..448..617G},
      adsnote = {Provided by the SAO/NASA Astrophysics Data System}
}




@ARTICLE{Dere_2009,
   author = {{Dere}, K.~P. and {Landi}, E. and {Young}, P.~R. and {Del Zanna}, G. and 
	{Landini}, M. and {Mason}, H.~E.},
    title = "{CHIANTI - an atomic database for emission lines. IX. Ionization rates, recombination rates, ionization equilibria for the elements hydrogen through zinc and updated atomic data}",
  journal = {\aap},
 keywords = {atomic data, atomic processes, radiation mechanisms: thermal, plasmas},
     year = 2009,
    month = may,
   volume = 498,
    pages = {915-929},
      doi = {10.1051/0004-6361/200911712},
   adsurl = {http://adsabs.harvard.edu/abs/2009A%26A...498..915D},
  adsnote = {Provided by the SAO/NASA Astrophysics Data System}
}

@ARTICLE{Lazarian_2006,
   author = {{Lazarian}, A.},
    title = "{Enhancement and Suppression of Heat Transfer by MHD Turbulence}",
  journal = {\apjl},
   eprint = {arXiv:astro-ph/0608045},
 keywords = {Galaxies: Clusters: General, ISM: General, Magnetohydrodynamics: MHD, Turbulence},
     year = 2006,
    month = jul,
   volume = 645,
    pages = {L25-L28},
      doi = {10.1086/505796},
   adsurl = {http://adsabs.harvard.edu/abs/2006ApJ...645L..25L},
  adsnote = {Provided by the SAO/NASA Astrophysics Data System}
}





@ARTICLE{Narayan_2001,
   author = {{Narayan}, R. and {Medvedev}, M.~V.},
    title = "{Thermal Conduction in Clusters of Galaxies}",
  journal = {\apjl},
   eprint = {arXiv:astro-ph/0110567},
 keywords = {Conduction, Galaxies: Cooling Flows, Galaxies: Clusters: General, Magnetic Fields},
     year = 2001,
    month = dec,
   volume = 562,
    pages = {L129-L132},
      doi = {10.1086/338325},
   adsurl = {http://adsabs.harvard.edu/abs/2001ApJ...562L.129N},
  adsnote = {Provided by the SAO/NASA Astrophysics Data System}
}


@ARTICLE{Hartigan_1987,
       author = {{Hartigan}, Patrick and {Raymond}, John and {Hartmann}, Lee},
        title = "{Radiative Bow Shock Models of Herbig-Haro Objects}",
      journal = {\apj},
     keywords = {Bow Waves, Herbig-Haro Objects, Radiative Transfer, Shock Wave Propagation, Stellar Models, Energy Transfer, Line Spectra, Plane Waves, Propagation Velocity, Radial Velocity, Tables (Data), Astrophysics, LINE FORMATION, LINE PROFILES, RADIATIVE TRANSFER, SHOCK WAVES, STARS: PRE--MAIN-SEQUENCE},
         year = 1987,
        month = may,
       volume = {316},
        pages = {323},
          doi = {10.1086/165204},
       adsurl = {https://ui.adsabs.harvard.edu/abs/1987ApJ...316..323H},
      adsnote = {Provided by the SAO/NASA Astrophysics Data System}
}



@ARTICLE{Heathcote_1998,
       author = {{Heathcote}, Steve and {Reipurth}, Bo and {Raga}, A.~C.},
        title = "{Structure, Excitation, and Kinematics of the Luminous Herbig-Haro Objects 80/81}",
      journal = {\aj},
     keywords = {ISM: HERBIG-HARO OBJECTS, ISM: INDIVIDUAL: ALPHANUMERIC: HH 80/81, ISM: JETS AND OUTFLOWS, STARS: FORMATION},
         year = 1998,
        month = oct,
       volume = {116},
       number = {4},
        pages = {1940-1960},
          doi = {10.1086/300548},
       adsurl = {https://ui.adsabs.harvard.edu/abs/1998AJ....116.1940H},
      adsnote = {Provided by the SAO/NASA Astrophysics Data System}
}



@ARTICLE{Orlando_2005,
   author = {{Orlando}, S. and {Peres}, G. and {Reale}, F. and {Bocchino}, F. and 
        {Rosner}, R. and {Plewa}, T. and {Siegel}, A.},
    title = "{Crushing of interstellar gas clouds in supernova remnants. I. The role of thermal conduction and radiative losses}",
  journal = {\aap},
   eprint = {arXiv:astro-ph/0508638},
 keywords = {hydrodynamics, shock waves, ISM: clouds, ISM: supernova remnants},
     year = 2005,
    month = dec,
   volume = 444,
    pages = {505-519},
      doi = {10.1051/0004-6361:20052896},
   adsurl = {http://adsabs.harvard.edu/abs/2005A%26A...444..505O},
  adsnote = {Provided by the SAO/NASA Astrophysics Data System}
}



@ARTICLE{Cho_2003,
   author = {{Cho}, J. and {Lazarian}, A. and {Honein}, A. and {Knaepen}, B. and 
        {Kassinos}, S. and {Moin}, P.},
    title = "{Thermal Conduction in Magnetized Turbulent Gas}",
  journal = {\apjl},
   eprint = {arXiv:astro-ph/0302503},
 keywords = {Galaxies: Clusters: General, ISM: General, Magnetohydrodynamics: MHD, Turbulence},
     year = 2003,
    month = jun,
   volume = 589,
    pages = {L77-L80},
      doi = {10.1086/376492},
   adsurl = {http://adsabs.harvard.edu/abs/2003ApJ...589L..77C},
  adsnote = {Provided by the SAO/NASA Astrophysics Data System}
}



@ARTICLE{Hartigan_2007,
   author = {{Hartigan}, P. and {Frank}, A. and {Varni{\'e}re}, P. and {Blackman}, E.~G.
        },
    title = "{Magnetic Fields in Stellar Jets}",
  journal = {\apj},
   eprint = {arXiv:astro-ph/0702174},
 keywords = {Hydrodynamics, ISM: Herbig-Haro Objects, ISM: Jets and Outflows, Magnetohydrodynamics: MHD, Shock Waves},
     year = 2007,
    month = jun,
   volume = 661,
    pages = {910-918},
      doi = {10.1086/513499},
   adsurl = {http://adsabs.harvard.edu/abs/2007ApJ...661..910H},
  adsnote = {Provided by the SAO/NASA Astrophysics Data System}
}


@ARTICLE{Narayanan_1996,
   author = {{Narayanan}, G. and {Walker}, C.~K.},
    title = "{Evidence for Multiple Outbursts from the Cepheus A Molecular Outflow}",
  journal = {\apj},
 keywords = {RADIO LINES: ISM, ISM: INDIVIDUAL NAME: CEPHEUS A, ISM: JETS AND OUTFLOWS, ISM: MOLECULES},
     year = 1996,
    month = aug,
   volume = 466,
    pages = {844-+},
      doi = {10.1086/177559},
   adsurl = {http://adsabs.harvard.edu/abs/1996ApJ...466..844N},
  adsnote = {Provided by the SAO/NASA Astrophysics Data System}
}



@ARTICLE{Tsujimoto_2004,
       author = {{Tsujimoto}, Masahiro and {Koyama}, Katsuji and {Kobayashi}, Naoto and {Saito}, Masao and {Tsuboi}, Yohko and {Chandler}, Claire J.},
        title = "{A High-Resolution Very Large Array Observation of a Protostar in OMC-3: Shock-Induced X-Ray Emission by a Protostellar Jet}",
      journal = {\pasj},
     keywords = {ISM: jets and outflows, radio continuum: ISM, stars: pre-main-sequence, X-rays: stars, Astrophysics},
         year = 2004,
        month = apr,
       volume = {56},
        pages = {341-345},
          doi = {10.1093/pasj/56.2.341},
archivePrefix = {arXiv},
       eprint = {astro-ph/0401068},
 primaryClass = {astro-ph},
       adsurl = {https://ui.adsabs.harvard.edu/abs/2004PASJ...56..341T},
      adsnote = {Provided by the SAO/NASA Astrophysics Data System}
}



@ARTICLE{Linsky_2007,
       author = {{Linsky}, Jeffrey L. and {Gagn{\'e}}, Marc and {Mytyk}, Anna and {McCaughrean}, Mark and {Andersen}, Morten},
        title = "{Chandra Observations of the Eagle Nebula. I. Embedded Young Stellar Objects near the Pillars of Creation}",
      journal = {\apj},
     keywords = {ISM: individual (HH 216), open clusters and associations: individual (Eagle Nebula), open clusters and associations: individual (M16), open clusters and associations: individual (NGC 6611), Stars: Activity, Stars: Coronae, Stars: Early-Type, Stars: Pre-Main-Sequence, X-Rays: Stars, Astrophysics},
         year = 2007,
        month = jan,
       volume = {654},
       number = {1},
        pages = {347-360},
          doi = {10.1086/508763},
archivePrefix = {arXiv},
       eprint = {astro-ph/0610279},
 primaryClass = {astro-ph},
       adsurl = {https://ui.adsabs.harvard.edu/abs/2007ApJ...654..347L},
      adsnote = {Provided by the SAO/NASA Astrophysics Data System}
}



@article{2000AJ....119.1881A,
 adsnote = {Provided by the SAO/NASA Astrophysics Data System},
 adsurl = {https://ui.adsabs.harvard.edu/abs/2000AJ....119.1881A},
 archiveprefix = {arXiv},
 author = {{Alencar}, Silvia H.~P. and {Basri}, Gibor},
 doi = {10.1086/301300},
 eprint = {astro-ph/0001322},
 journal = {\aj},
 keywords = {STARS: FORMATION, STARS: PRE-MAIN-SEQUENCE, Astrophysics},
 month = {April},
 number = {4},
 pages = {1881-1900},
 primaryclass = {astro-ph},
 title = {{Profiles of Strong Permitted Lines in Classical T Tauri Stars}},
 volume = {119},
 year = {2000}
}

@article{2005ApJS..160..401P,
 adsnote = {Provided by the SAO/NASA Astrophysics Data System},
 adsurl = {https://ui.adsabs.harvard.edu/abs/2005ApJS..160..401P},
 archiveprefix = {arXiv},
 author = {{Preibisch}, Thomas and {Kim}, Yong-Cheol and {Favata}, Fabio and {Feigelson}, Eric D. and {Flaccomio}, Ettore and {Getman}, Konstantin and {Micela}, Giusi and {Sciortino}, Salvatore and {Stassun}, Keivan and {Stelzer}, Beate and {Zinnecker}, Hans},
 doi = {10.1086/432891},
 eprint = {astro-ph/0506526},
 journal = {\apjs},
 keywords = {Galaxy: Open Clusters and Associations: Individual: Name: Orion Nebula Cluster, Stars: Activity, Stars: Magnetic Fields, Stars: Pre-Main-Sequence, X-Rays: Stars, Astrophysics},
 month = {October},
 number = {2},
 pages = {401-422},
 primaryclass = {astro-ph},
 title = {{The Origin of T Tauri X-Ray Emission: New Insights from the Chandra Orion Ultradeep Project}},
 volume = {160},
 year = {2005}
}

@article{2007A&A...462L..41S,
 adsnote = {Provided by the SAO/NASA Astrophysics Data System},
 adsurl = {https://ui.adsabs.harvard.edu/abs/2007A&A...462L..41S},
 author = {{Schmitt}, J.~H.~M.~M. and {Robrade}, J.},
 doi = {10.1051/0004-6361:20066693},
 journal = {\aap},
 keywords = {X-rays: stars, stars: pre-main sequence, stars: coronae, stars: activity},
 month = {February},
 number = {3},
 pages = {L41-L44},
 title = {{Discovery of variable X-ray absorption in the cTTS AA Tauri}},
 volume = {462},
 year = {2007}
}

@article{2007A&A...473..229R,
 adsnote = {Provided by the SAO/NASA Astrophysics Data System},
 adsurl = {https://ui.adsabs.harvard.edu/abs/2007A&A...473..229R},
 archiveprefix = {arXiv},
 author = {{Robrade}, J. and {Schmitt}, J.~H.~M.~M.},
 doi = {10.1051/0004-6361:20077644},
 eprint = {0706.2879},
 journal = {\aap},
 keywords = {stars: individual: RU Lupi, stars: pre-main sequence, stars: activity, stars: coronae, X-rays: stars, Astrophysics},
 month = {October},
 number = {1},
 pages = {229-238},
 primaryclass = {astro-ph},
 title = {{X-rays from RU Lupi: accretion and winds in classical T Tauri stars}},
 volume = {473},
 year = {2007}
}

@article{2007A&A...474L..25G,
 adsnote = {Provided by the SAO/NASA Astrophysics Data System},
 adsurl = {https://ui.adsabs.harvard.edu/abs/2007A&A...474L..25G},
 archiveprefix = {arXiv},
 author = {{G{\"u}del}, M. and {Telleschi}, A.},
 doi = {10.1051/0004-6361:20078143},
 eprint = {0709.0881},
 journal = {\aap},
 keywords = {stars: coronae, stars: formation, stars: pre-main sequence, X-rays: stars, Astrophysics},
 month = {November},
 number = {2},
 pages = {L25-L28},
 primaryclass = {astro-ph},
 title = {{The X-ray soft excess in classical T Tauri stars}},
 volume = {474},
 year = {2007}
}

@article{2007A&A...475..607G,
 adsnote = {Provided by the SAO/NASA Astrophysics Data System},
 adsurl = {https://ui.adsabs.harvard.edu/abs/2007A&A...475..607G},
 archiveprefix = {arXiv},
 author = {{Grosso}, N. and {Bouvier}, J. and {Montmerle}, T. and {Fern{\'a}ndez}, M. and {Grankin}, K. and {Zapatero Osorio}, M.~R.},
 doi = {10.1051/0004-6361:20078084},
 eprint = {0709.0404},
 journal = {\aap},
 keywords = {stars: individual: <ASTROBJ>AA Tauri</ASTROBJ>, stars: pre-main sequence, X-rays: stars, accretion, accretion disks, Astrophysics},
 month = {November},
 number = {2},
 pages = {607-617},
 primaryclass = {astro-ph},
 title = {{Observation of enhanced X-ray emission from the CTTS AA Tauri during one transit of an accretion funnel flow}},
 volume = {475},
 year = {2007}
}

@article{2008MNRAS.386.1234D,
 adsnote = {Provided by the SAO/NASA Astrophysics Data System},
 adsurl = {https://ui.adsabs.harvard.edu/abs/2008MNRAS.386.1234D},
 archiveprefix = {arXiv},
 author = {{Donati}, J. -F. and {Jardine}, M.~M. and {Gregory}, S.~G. and {Petit}, P. and {Paletou}, F. and {Bouvier}, J. and {Dougados}, C. and {M{\'e}nard}, F. and {Collier Cameron}, A. and {Harries}, T.~J. and {Hussain}, G.~A.~J. and {Unruh}, Y. and {Morin}, J. and {Marsden}, S.~C. and {Manset}, N. and {Auri{\`e}re}, M. and {Catala}, C. and {Alecian}, E.},
 doi = {10.1111/j.1365-2966.2008.13111.x},
 eprint = {0802.2052},
 journal = {\mnras},
 keywords = {techniques: polarimetric, stars: formation, stars: individual: BP Tau, stars: magnetic fields, stars: pre-main-sequence, stars: rotation, Astrophysics},
 month = {May},
 number = {3},
 pages = {1234-1251},
 primaryclass = {astro-ph},
 title = {{Magnetospheric accretion on the T Tauri star BP Tauri}},
 volume = {386},
 year = {2008}
}

@article{2010MNRAS.402.1426D,
 adsnote = {Provided by the SAO/NASA Astrophysics Data System},
 adsurl = {https://ui.adsabs.harvard.edu/abs/2010MNRAS.402.1426D},
 archiveprefix = {arXiv},
 author = {{Donati}, J. -F. and {Skelly}, M.~B. and {Bouvier}, J. and {Jardine}, M.~M. and {Gregory}, S.~G. and {Morin}, J. and {Hussain}, G.~A.~J. and {Dougados}, C. and {M{\'e}nard}, F. and {Unruh}, Y.},
 doi = {10.1111/j.1365-2966.2009.15998.x},
 eprint = {0911.1080},
 journal = {\mnras},
 keywords = {techniques: polarimetric, stars: formation, stars: imaging, stars: individual: V2247 Oph, stars: magnetic fields, stars: rotation, Astrophysics - Solar and Stellar Astrophysics},
 month = {March},
 number = {3},
 pages = {1426-1436},
 primaryclass = {astro-ph.SR},
 title = {{Complex magnetic topology and strong differential rotation on the low-mass T Tauri star V2247 Oph}},
 volume = {402},
 year = {2010}
}

@article{2011A&A...526A.104C,
 adsnote = {Provided by the SAO/NASA Astrophysics Data System},
 adsurl = {https://ui.adsabs.harvard.edu/abs/2011A&A...526A.104C},
 archiveprefix = {arXiv},
 author = {{Curran}, R.~L. and {Argiroffi}, C. and {Sacco}, G.~G. and {Orlando}, S. and {Peres}, G. and {Reale}, F. and {Maggio}, A.},
 doi = {10.1051/0004-6361/201015522},
 eid = {A104},
 eprint = {1011.5915},
 journal = {\aap},
 keywords = {accretion, accretion disks, circumstellar matter, stars: pre-main sequence, techniques: spectroscopic, Astrophysics - Solar and Stellar Astrophysics},
 month = {February},
 pages = {A104},
 primaryclass = {astro-ph.SR},
 title = {{Multiwavelength diagnostics of accretion in an X-ray selected sample of CTTSs}},
 volume = {526},
 year = {2011}
}

@article{2011A&A...530A...1A,
 adsnote = {Provided by the SAO/NASA Astrophysics Data System},
 adsurl = {https://ui.adsabs.harvard.edu/abs/2011A&A...530A...1A},
 archiveprefix = {arXiv},
 author = {{Argiroffi}, C. and {Flaccomio}, E. and {Bouvier}, J. and {Donati}, J. -F. and {Getman}, K.~V. and {Gregory}, S.~G. and {Hussain}, G.~A.~J. and {Jardine}, M.~M. and {Skelly}, M.~B. and {Walter}, F.~M.},
 doi = {10.1051/0004-6361/201016321},
 eid = {A1},
 eprint = {1102.5751},
 journal = {\aap},
 keywords = {circumstellar matter, stars: coronae, stars: individual: V2129, Oph, stars: pre-main sequence, X-rays: stars, stars: variables:, T Tauri, Herbig Ae/Be, Astrophysics - Solar and Stellar Astrophysics},
 month = {June},
 pages = {A1},
 primaryclass = {astro-ph.SR},
 title = {{Variable X-ray emission from the accretion shock in the classical T Tauri star V2129 Ophiuchi}},
 volume = {530},
 year = {2011}
}

@inproceedings{2011ASPC..448..617G,
 adsnote = {Provided by the SAO/NASA Astrophysics Data System},
 adsurl = {https://ui.adsabs.harvard.edu/abs/2011ASPC..448..617G},
 archiveprefix = {arXiv},
 author = {{G{\"u}del}, M. and {Audard}, M. and {Bacciotti}, F. and {Bary}, J.~S. and {Briggs}, K.~R. and {Cabrit}, S. and {Carmona}, A. and {Codella}, C. and {Dougados}, C. and {Eisl{\"o}ffel}, J. and {Gueth}, F. and {G{\"u}nther}, H.~M. and {Herczeg}, G. and {Kundurthy}, P. and {Matt}, S.~P. and {Mutel}, R.~L. and {Ray}, T. and {Schmitt}, J.~H.~M.~M. and {Schneider}, P.~C. and {Skinner}, S.~L. and {van Boekel}, R.},
 booktitle = {16th Cambridge Workshop on Cool Stars, Stellar Systems, and the Sun},
 editor = {{Johns-Krull}, Christopher and {Browning}, Matthew K. and {West}, Andrew A.},
 eprint = {1101.2780},
 keywords = {Astrophysics - Solar and Stellar Astrophysics, Astrophysics - High Energy Astrophysical Phenomena},
 month = {December},
 pages = {617},
 primaryclass = {astro-ph.SR},
 series = {Astronomical Society of the Pacific Conference Series},
 title = {{The Bipolar X-Ray Jet of the Classical T Tauri Star DG Tau}},
 volume = {448},
 year = {2011}
}

@article{2012ApJ...752..100A,
 adsnote = {Provided by the SAO/NASA Astrophysics Data System},
 adsurl = {https://ui.adsabs.harvard.edu/abs/2012ApJ...752..100A},
 archiveprefix = {arXiv},
 author = {{Argiroffi}, C. and {Maggio}, A. and {Montmerle}, T. and {Huenemoerder}, D.~P. and {Alecian}, E. and {Audard}, M. and {Bouvier}, J. and {Damiani}, F. and {Donati}, J. -F. and {Gregory}, S.~G. and {G{\"u}del}, M. and {Hussain}, G.~A.~J. and {Kastner}, J.~H. and {Sacco}, G.~G.},
 doi = {10.1088/0004-637X/752/2/100},
 eid = {100},
 eprint = {1204.0964},
 journal = {\apj},
 keywords = {accretion, accretion disks, stars: individual: V4046 Sgr, stars: magnetic field, stars: pre-main sequence, stars: variables: T Tauri, Herbig Ae/Be, X-rays: stars, Astrophysics - Solar and Stellar Astrophysics},
 month = {June},
 number = {2},
 pages = {100},
 primaryclass = {astro-ph.SR},
 title = {{The Close T Tauri Binary System V4046 Sgr: Rotationally Modulated X-Ray Emission from Accretion Shocks}},
 volume = {752},
 year = {2012}
}

@article{2012ApJ...755...97G,
 adsnote = {Provided by the SAO/NASA Astrophysics Data System},
 adsurl = {https://ui.adsabs.harvard.edu/abs/2012ApJ...755...97G},
 archiveprefix = {arXiv},
 author = {{Gregory}, S.~G. and {Donati}, J. -F. and {Morin}, J. and {Hussain}, G.~A.~J. and {Mayne}, N.~J. and {Hillenbrand}, L.~A. and {Jardine}, M.},
 doi = {10.1088/0004-637X/755/2/97},
 eid = {97},
 eprint = {1206.5238},
 journal = {\apj},
 keywords = {Hertzsprung-Russell and C-M diagrams, stars: evolution, stars: formation, stars: interiors, stars: magnetic field, stars: pre-main sequence, Astrophysics - Solar and Stellar Astrophysics},
 month = {August},
 number = {2},
 pages = {97},
 primaryclass = {astro-ph.SR},
 title = {{Can We Predict the Global Magnetic Topology of a Pre-main-sequence Star from Its Position in the Hertzsprung-Russell Diagram?}},
 volume = {755},
 year = {2012}
}

@article{2013A&A...559A.127O,
 adsnote = {Provided by the SAO/NASA Astrophysics Data System},
 adsurl = {https://ui.adsabs.harvard.edu/abs/2013A&A...559A.127O},
 archiveprefix = {arXiv},
 author = {{Orlando}, S. and {Bonito}, R. and {Argiroffi}, C. and {Reale}, F. and {Peres}, G. and {Miceli}, M. and {Matsakos}, T. and {Stehl{\'e}}, C. and {Ibgui}, L. and {de Sa}, L. and {Chi{\`e}ze}, J.~P. and {Lanz}, T.},
 doi = {10.1051/0004-6361/201322076},
 eid = {A127},
 eprint = {1309.5038},
 journal = {\aap},
 keywords = {accretion, accretion disks, instabilities, magnetohydrodynamics (MHD), shock waves, stars: pre-main sequence, X-rays: stars, Astrophysics - Solar and Stellar Astrophysics},
 month = {November},
 pages = {A127},
 primaryclass = {astro-ph.SR},
 title = {{Radiative accretion shocks along nonuniform stellar magnetic fields in classical T Tauri stars}},
 volume = {559},
 year = {2013}
}

@article{2013ApJ...771...70G,
 adsnote = {Provided by the SAO/NASA Astrophysics Data System},
 adsurl = {https://ui.adsabs.harvard.edu/abs/2013ApJ...771...70G},
 archiveprefix = {arXiv},
 author = {{G{\"u}nther}, H.~M. and {Wolter}, U. and {Robrade}, J. and {Wolk}, S.~J.},
 doi = {10.1088/0004-637X/771/1/70},
 eid = {70},
 eprint = {1305.3280},
 journal = {\apj},
 keywords = {circumstellar matter, stars: formation, stars: pre-main sequence, X-rays: stars, Astrophysics - Solar and Stellar Astrophysics},
 month = {July},
 number = {1},
 pages = {70},
 primaryclass = {astro-ph.SR},
 title = {{MN Lup: X-Rays from a Weakly Accreting T Tauri Star}},
 volume = {771},
 year = {2013}
}

@article{2013Sci...341..251R,
 adsnote = {Provided by the SAO/NASA Astrophysics Data System},
 adsurl = {https://ui.adsabs.harvard.edu/abs/2013Sci...341..251R},
 author = {{Reale}, Fabio and {Orlando}, Salvatore and {Testa}, Paola and {Peres}, Giovanni and {Landi}, Enrico and {Schrijver}, Carolus J.},
 doi = {10.1126/science.1235692},
 journal = {Science},
 keywords = {ASTRONOMY Materials-Science, Astronomy, Physics},
 month = {July},
 number = {6143},
 pages = {251-253},
 title = {{Bright Hot Impacts by Erupted Fragments Falling Back on the Sun: A Template for Stellar Accretion}},
 volume = {341},
 year = {2013}
}

@article{2017A&A...607A..14A,
 adsnote = {Provided by the SAO/NASA Astrophysics Data System},
 adsurl = {https://ui.adsabs.harvard.edu/abs/2017A&A...607A..14A},
 archiveprefix = {arXiv},
 author = {{Argiroffi}, C. and {Drake}, J.~J. and {Bonito}, R. and {Orlando}, S. and {Peres}, G. and {Miceli}, M.},
 doi = {10.1051/0004-6361/201731342},
 eid = {A14},
 eprint = {1708.03158},
 journal = {\aap},
 keywords = {accretion, accretion disks, stars: pre-main sequence, stars: variables: T Tauri, Herbig Ae/Be, X-rays: stars, techniques: spectroscopic, Astrophysics - Solar and Stellar Astrophysics},
 month = {October},
 pages = {A14},
 primaryclass = {astro-ph.SR},
 title = {{Redshifted X-rays from the material accreting onto TW Hydrae: Evidence of a low-latitude accretion spot}},
 volume = {607},
 year = {2017}
}

@article{2018A&A...618A..55S,
 adsnote = {Provided by the SAO/NASA Astrophysics Data System},
 adsurl = {https://ui.adsabs.harvard.edu/abs/2018A&A...618A..55S},
 archiveprefix = {arXiv},
 author = {{Schneider}, P.~C. and {G{\"u}nther}, H.~M. and {Robrade}, J. and {Schmitt}, J.~H.~M.~M. and {G{\"u}del}, M.},
 doi = {10.1051/0004-6361/201731613},
 eid = {A55},
 eprint = {1806.06788},
 journal = {\aap},
 keywords = {stars: individual: T Tauri, stars: variables: T Tauri, Herbig Ae/Be, ultraviolet: stars, stars: pre-main sequence, X-rays: stars, accretion, accretion disks, Astrophysics - Solar and Stellar Astrophysics},
 month = {October},
 pages = {A55},
 primaryclass = {astro-ph.SR},
 title = {{Multiepoch, multiwavelength study of accretion onto T Tauri. X-ray versus optical and UV accretion tracers}},
 volume = {618},
 year = {2018}
}

@article{2019A&A...622A..72V,
 adsnote = {Provided by the SAO/NASA Astrophysics Data System},
 adsurl = {https://ui.adsabs.harvard.edu/abs/2019A&A...622A..72V},
 archiveprefix = {arXiv},
 author = {{Villebrun}, F. and {Alecian}, E. and {Hussain}, G. and {Bouvier}, J. and {Folsom}, C.~P. and {Lebreton}, Y. and {Amard}, L. and {Charbonnel}, C. and {Gallet}, F. and {Haemmerl{\'e}}, L. and {B{\"o}hm}, T. and {Johns-Krull}, C. and {Kochukhov}, O. and {Marsden}, S.~C. and {Morin}, J. and {Petit}, P.},
 doi = {10.1051/0004-6361/201833545},
 eid = {A72},
 eprint = {1810.12803},
 journal = {\aap},
 keywords = {stars: activity, stars: fundamental parameters, stars: magnetic field, stars: pre-main sequence, stars: variables: T Tauri, Herbig Ae/Be, Astrophysics - Solar and Stellar Astrophysics},
 month = {February},
 pages = {A72},
 primaryclass = {astro-ph.SR},
 title = {{Magnetic fields of intermediate-mass T Tauri stars. I. Magnetic detections and fundamental stellar parameters}},
 volume = {622},
 year = {2019}
}

@article{2021A&A...649A..68S,
 adsnote = {Provided by the SAO/NASA Astrophysics Data System},
 adsurl = {https://ui.adsabs.harvard.edu/abs/2021A&A...649A..68S},
 archiveprefix = {arXiv},
 author = {{Sousa}, A.~P. and {Bouvier}, J. and {Alencar}, S.~H.~P. and {Donati}, J. -F. and {Alecian}, E. and {Roquette}, J. and {Perraut}, K. and {Dougados}, C. and {Carmona}, A. and {Covino}, S. and {Fugazza}, D. and {Molinari}, E. and {Moutou}, C. and {Santerne}, A. and {Grankin}, K. and {Artigau}, {\'E}. and {Delfosse}, X. and {Hebrard}, G. and {SPIRou Consortium}},
 doi = {10.1051/0004-6361/202140346},
 eid = {A68},
 eprint = {2103.16383},
 journal = {\aap},
 keywords = {stars: pre-main sequence, stars: variables: T Tauri, Herbig Ae/Be, accretion, accretion disks, protoplanetary disks, Astrophysics - Solar and Stellar Astrophysics},
 month = {May},
 pages = {A68},
 primaryclass = {astro-ph.SR},
 title = {{Star-disk interaction in the T Tauri star V2129 Ophiuchi: An evolving accretion-ejection structure}},
 volume = {649},
 year = {2021}
}

@article{2021MNRAS.506..372R,
 adsnote = {Provided by the SAO/NASA Astrophysics Data System},
 adsurl = {https://ui.adsabs.harvard.edu/abs/2021MNRAS.506..372R},
 archiveprefix = {arXiv},
 author = {{Romanova}, M.~M. and {Koldoba}, A.~V. and {Ustyugova}, G.~V. and {Blinova}, A.~A. and {Lai}, D. and {Lovelace}, R.~V.~E.},
 doi = {10.1093/mnras/stab1724},
 eprint = {2012.10826},
 journal = {\mnras},
 keywords = {accretion, accretion discs, magnetohydrodynamics (MHD), stars: magnetic field, plasmas, Astrophysics - Solar and Stellar Astrophysics},
 month = {September},
 number = {1},
 pages = {372-384},
 primaryclass = {astro-ph.SR},
 title = {{3D MHD simulations of accretion on to stars with tilted magnetic and rotational axes}},
 volume = {506},
 year = {2021}
}

@article{2021Natur.597...41E,
 adsnote = {Provided by the SAO/NASA Astrophysics Data System},
 adsurl = {https://ui.adsabs.harvard.edu/abs/2021Natur.597...41E},
 archiveprefix = {arXiv},
 author = {{Espaillat}, C.~C. and {Robinson}, C.~E. and {Romanova}, M.~M. and {Thanathibodee}, T. and {Wendeborn}, J. and {Calvet}, N. and {Reynolds}, M. and {Muzerolle}, J.},
 doi = {10.1038/s41586-021-03751-5},
 eprint = {2109.00510},
 journal = {\nat},
 keywords = {Astrophysics - Solar and Stellar Astrophysics},
 month = {September},
 number = {7874},
 pages = {41-44},
 primaryclass = {astro-ph.SR},
 title = {{Measuring the density structure of an accretion hot spot}},
 volume = {597},
 year = {2021}
}

@article{Andre_1993,
 adsnote = {Provided by the SAO/NASA Astrophysics Data System},
 adsurl = {https://ui.adsabs.harvard.edu/abs/1993ApJ...406..122A},
 author = {{Andre}, Philippe and {Ward-Thompson}, Derek and {Barsony}, Mary},
 doi = {10.1086/172425},
 journal = {\apj},
 keywords = {Early Stars, Protostars, Star Formation, Stellar Structure, Cosmic Dust, Energy Distribution, Submillimeter Waves, Astrophysics, ISM: JETS AND OUTFLOWS, ISM: INDIVIDUAL ALPHANUMERIC: VLA 1623, STARS: INDIVIDUAL CONSTELLATION NAME: RHO OPHIUCHI A, STARS: PRE--MAIN-SEQUENCE, RADIO CONTINUUM: STARS},
 month = {March},
 pages = {122},
 title = {{Submillimeter Continuum Observations of rho Ophiuchi A: The Candidate Protostar VLA 1623 and Prestellar Clumps}},
 volume = {406},
 year = {1993}
}

@inproceedings{Andre_2014,
 adsnote = {Provided by the SAO/NASA Astrophysics Data System},
 adsurl = {https://ui.adsabs.harvard.edu/abs/2014prpl.conf...27A},
 archiveprefix = {arXiv},
 author = {{Andr{\'e}}, P. and {Di Francesco}, J. and {Ward-Thompson}, D. and {Inutsuka}, S. -I. and {Pudritz}, R.~E. and {Pineda}, J.~E.},
 booktitle = {Protostars and Planets VI},
 doi = {10.2458/azu\_uapress\_9780816531240-ch002},
 editor = {{Beuther}, Henrik and {Klessen}, Ralf S. and {Dullemond}, Cornelis P. and {Henning}, Thomas},
 eprint = {1312.6232},
 keywords = {Astrophysics - Astrophysics of Galaxies, Astrophysics - Cosmology and Nongalactic Astrophysics},
 month = {January},
 pages = {27},
 primaryclass = {astro-ph.GA},
 title = {{From Filamentary Networks to Dense Cores in Molecular Clouds: Toward a New Paradigm for Star Formation}},
 year = {2014}
}

@article{Bacciotti_1999,
 adsnote = {Provided by the SAO/NASA Astrophysics Data System},
 adsurl = {https://ui.adsabs.harvard.edu/abs/1999A&A...342..717B},
 author = {{Bacciotti}, Francesca and {Eisl{\"o}ffel}, Jochen},
 journal = {\aap},
 keywords = {ISM: KINEMATICS AND DYNAMICS, ISM: JETS AND OUTFLOWS, STARS: FORMATION, LINE: FORMATION},
 month = {February},
 pages = {717-735},
 title = {{Ionization and density along the beams of Herbig-Haro jets}},
 volume = {342},
 year = {1999}
}

@article{Balbus_1991,
 adsnote = {Provided by the SAO/NASA Astrophysics Data System},
 adsurl = {https://ui.adsabs.harvard.edu/abs/1991ApJ...376..214B},
 author = {{Balbus}, Steven A. and {Hawley}, John F.},
 doi = {10.1086/170270},
 journal = {\apj},
 keywords = {Accretion Disks, Magnetohydrodynamic Stability, Stellar Magnetic Fields, Stellar Mass Accretion, Boussinesq Approximation, Computational Astrophysics, Linear Systems, Astrophysics, ACCRETION, HYDRODYNAMICS, HYDROMAGNETICS, INSTABILITIES},
 month = {July},
 pages = {214},
 title = {{A Powerful Local Shear Instability in Weakly Magnetized Disks. I. Linear Analysis}},
 volume = {376},
 year = {1991}
}

@article{Bally_2003,
 adsnote = {Provided by the SAO/NASA Astrophysics Data System},
 adsurl = {https://ui.adsabs.harvard.edu/abs/2003ApJ...584..843B},
 author = {{Bally}, John and {Feigelson}, Eric and {Reipurth}, Bo},
 doi = {10.1086/345850},
 journal = {\apj},
 keywords = {ISM: Individual: Alphanumeric: L1551, ISM: Jets and Outflows, Shock Waves, Stars: Formation},
 month = {February},
 number = {2},
 pages = {843-852},
 title = {{X-Rays from the Vicinity of the Protostar L1551 IRS 5: Reflection or Fast Shocks?}},
 volume = {584},
 year = {2003}
}
@ARTICLE{Bonito_2010a,
   author = {{Bonito}, R. and {Orlando}, S. and {Peres}, G. and {Eisl{\"o}ffel}, J. and 
	{Miceli}, M. and {Favata}, F.},
    title = "{Generation of radiative knots in a randomly pulsed protostellar jet. I. Dynamics and energetics}",
  journal = {\aap},
archivePrefix = "arXiv",
   eprint = {0912.2757},
 primaryClass = "astro-ph.SR",
 keywords = {hydrodynamics, Herbig-Haro objects, ISM: jets and outflows, X-rays: ISM},
     year = 2010,
    month = feb,
   volume = 511,
      eid = {A42},
    pages = {A42},
      doi = {10.1051/0004-6361/200913595},
   adsurl = {http://adsabs.harvard.edu/abs/2010A%26A...511A..42B},
  adsnote = {Provided by the SAO/NASA Astrophysics Data System}
}

@ARTICLE{Bonito_2010b,
   author = {{Bonito}, R. and {Orlando}, S. and {Miceli}, M. and {Eisl{\"o}ffel}, J. and 
	{Peres}, G. and {Favata}, F.},
    title = "{Generation of radiative knots in a randomly pulsed protostellar jet. II. X-ray emission}",
  journal = {\aap},
archivePrefix = "arXiv",
   eprint = {1005.2125},
 primaryClass = "astro-ph.SR",
 keywords = {hydrodynamics, Herbig-Haro objects, ISM: jets and outflows, X-rays: ISM},
     year = 2010,
    month = jul,
   volume = 517,
      eid = {A68},
    pages = {A68},
      doi = {10.1051/0004-6361/201014723},
   adsurl = {http://adsabs.harvard.edu/abs/2010A%26A...517A..68B},
  adsnote = {Provided by the SAO/NASA Astrophysics Data System}
}

@ARTICLE{Bonito_2011,
   author = {{Bonito}, R. and {Orlando}, S. and {Miceli}, M. and {Peres}, G. and 
	{Micela}, G. and {Favata}, F.},
    title = "{X-Ray Emission from Protostellar Jet HH 154: The First Evidence of a Diamond Shock?}",
  journal = {\apj},
archivePrefix = "arXiv",
   eprint = {1105.4081},
 primaryClass = "astro-ph.SR",
 keywords = {hydrodynamics, Herbig-Haro objects, ISM: jets and outflows, X-rays: ISM},
     year = 2011,
    month = aug,
   volume = 737,
      eid = {54},
    pages = {54},
      doi = {10.1088/0004-637X/737/2/54},
   adsurl = {http://adsabs.harvard.edu/abs/2011ApJ...737...54B},
  adsnote = {Provided by the SAO/NASA Astrophysics Data System}
}

@ARTICLE{Bonito_2014,
       author = {{Bonito}, R. and {Orlando}, S. and {Argiroffi}, C. and {Miceli}, M. and {Peres}, G. and {Matsakos}, T. and {Stehle}, C. and {Ibgui}, L.},
        title = "{Magnetohydrodynamic Modeling of the Accretion Shocks in Classical T Tauri Stars: The Role of Local Absorption in the X-Ray Emission}",
      journal = {\apjl},
     keywords = {accretion, accretion disks, magnetohydrodynamics: MHD, shock waves, stars: pre-main sequence, X-rays: stars, Astrophysics - Solar and Stellar Astrophysics},
         year = 2014,
        month = nov,
       volume = {795},
       number = {2},
          eid = {L34},
        pages = {L34},
          doi = {10.1088/2041-8205/795/2/L34},
archivePrefix = {arXiv},
       eprint = {1410.2775},
 primaryClass = {astro-ph.SR},
       adsurl = {https://ui.adsabs.harvard.edu/abs/2014ApJ...795L..34B},
      adsnote = {Provided by the SAO/NASA Astrophysics Data System}
}

@inproceedings{Bertout_2007,
 adsnote = {Provided by the SAO/NASA Astrophysics Data System},
 adsurl = {https://ui.adsabs.harvard.edu/abs/2007IAUS..243....1B},
 author = {{Bertout}, Claude},
 booktitle = {Star-Disk Interaction in Young Stars},
 doi = {10.1017/S1743921307009362},
 editor = {{Bouvier}, Jerome and {Appenzeller}, Immo},
 keywords = {Stars: formation, stars: pre-main sequence},
 month = {May},
 pages = {1-12},
 series = {IAU Symposium},
 title = {{The accretion disk paradigm for young stars}},
 volume = {243},
 year = {2007}
}

@article{Blandford_1982,
 author = {{Blandford}, R.~D. and {Payne}, D.~G.},
 journal = {\mnras},
 keywords = {Astrophysics, Energy Transfer, Magnetohydrodynamic Flow, Momentum Transfer, Radio Jets (Astronomy), Stellar Mass Accretion, Angular Momentum, Black Holes (Astronomy), Critical Point, Disks (Shapes), Solar Corona, Astrophysics, Accretion Disks:Magnetohydrodynamics, Accretion Disks:Radio Jets, Radio Galaxies:Radio Jets},
 month = {June},
 pages = {883-903},
 title = {{Hydromagnetic flows from accretion disks and the production of radio jets.}},
 volume = {199},
 year = {1982}
}

@ARTICLE{Burdonov_2020,
       author = {{Burdonov}, K. and {Revet}, G. and {Bonito}, R. and {Argiroffi}, C. and {B{\'e}ard}, J. and {Bolan{\~o}s}, S. and {Cerchez}, M. and {Chen}, S.~N. and {Ciardi}, A. and {Espinosa}, G. and {Filippov}, E. and {Pikuz}, S. and {Rodriguez}, R. and {{\v{S}}m{\'\i}d}, M. and {Starodubtsev}, M. and {Willi}, O. and {Orlando}, S. and {Fuchs}, J.},
        title = "{Laboratory evidence for an asymmetric accretion structure upon slanted matter impact in young stars}",
      journal = {\aap},
     keywords = {accretion, accretion disks, instabilities, magnetohydrodynamics (MHD), shock waves, stars: pre-main sequence, X-rays: stars, Astrophysics - Solar and Stellar Astrophysics, Astrophysics - High Energy Astrophysical Phenomena},
         year = 2020,
        month = oct,
       volume = {642},
          eid = {A38},
        pages = {A38},
          doi = {10.1051/0004-6361/202038189},
archivePrefix = {arXiv},
       eprint = {2004.10735},
 primaryClass = {astro-ph.SR},
       adsurl = {https://ui.adsabs.harvard.edu/abs/2020A&A...642A..38B},
      adsnote = {Provided by the SAO/NASA Astrophysics Data System}
}

@article{Borkowski_1989,
 adsnote = {Provided by the SAO/NASA Astrophysics Data System},
 adsurl = {https://ui.adsabs.harvard.edu/abs/1989ApJ...336..979B},
 author = {{Borkowski}, Kazimierz J. and {Shull}, J. Michael and {McKee}, Christopher F.},
 doi = {10.1086/167069},
 journal = {\apj},
 keywords = {Magnetohydrodynamics, Plasma Temperature, Shock Waves, Thermal Conductivity, Electron Energy, Heavy Elements, Interstellar Matter, Plasma-Particle Interactions, Supernova Remnants, Plasma Physics, HYDRODYNAMICS, PLASMAS, SHOCK WAVES},
 month = {January},
 pages = {979},
 title = {{Two-Temperature Radiative Shocks with Electron Thermal Conduction}},
 volume = {336},
 year = {1989}
}

@article{Brickhouse_2010,
 adsnote = {Provided by the SAO/NASA Astrophysics Data System},
 adsurl = {https://ui.adsabs.harvard.edu/abs/2010ApJ...710.1835B},
 archiveprefix = {arXiv},
 author = {{Brickhouse}, N.~S. and {Cranmer}, S.~R. and {Dupree}, A.~K. and {Luna}, G.~J.~M. and {Wolk}, S.},
 doi = {10.1088/0004-637X/710/2/1835},
 eprint = {1001.0750},
 journal = {\apj},
 keywords = {accretion, accretion disks, stars: coronae, stars: formation, stars: individual: TW Hydrae, techniques: spectroscopic, X-rays: stars, Astrophysics - Solar and Stellar Astrophysics},
 month = {February},
 number = {2},
 pages = {1835-1847},
 primaryclass = {astro-ph.SR},
 title = {{A Deep Chandra X-Ray Spectrum of the Accreting Young Star TW Hydrae}},
 volume = {710},
 year = {2010}
}

@article{Burnham_1890,
 adsnote = {Provided by the SAO/NASA Astrophysics Data System},
 adsurl = {https://ui.adsabs.harvard.edu/abs/1890MNRAS..51...94B},
 author = {{Burnham}, S.~W.},
 doi = {10.1093/mnras/51.2.94},
 journal = {\mnras},
 month = {December},
 pages = {94},
 title = {{Note on Hind's Variable Nebula in Taurus}},
 volume = {51},
 year = {1890}
}

@article{Burnham_1894,
 adsnote = {Provided by the SAO/NASA Astrophysics Data System},
 adsurl = {https://ui.adsabs.harvard.edu/abs/1894PLicO...2..168B},
 author = {{Burnham}, S.~W.},
 journal = {Publications of Lick Observatory},
 month = {January},
 pages = {168-181},
 title = {{Observations of Nebulae with the 36-inch refractor of the Lick Observatory}},
 volume = {2},
 year = {1894}
}

@article{calvet_1998,
 adsnote = {Provided by the SAO/NASA Astrophysics Data System},
 adsurl = {https://ui.adsabs.harvard.edu/abs/1998ApJ...509..802C},
 author = {{Calvet}, Nuria and {Gullbring}, Erik},
 doi = {10.1086/306527},
 journal = {\apj},
 keywords = {ACCRETION, ACCRETION DISKS, STARS: CIRCUMSTELLAR MATTER, SHOCK WAVES, STARS: PRE-MAIN-SEQUENCE, Accretion, Accretion Disks, Stars: Circumstellar Matter, Shock Waves, Stars: Pre-Main-Sequence},
 month = {December},
 number = {2},
 pages = {802-818},
 title = {{The Structure and Emission of the Accretion Shock in T Tauri Stars}},
 volume = {509},
 year = {1998}
}

@ARTICLE{Colombo_2016,
       author = {{Colombo}, S. and {Orlando}, S. and {Peres}, G. and {Argiroffi}, C. and {Reale}, F.},
        title = "{Impacts of fragmented accretion streams onto classical T Tauri stars: UV and X-ray emission lines}",
      journal = {\aap},
     keywords = {accretion, accretion disks, magnetohydrodynamics (MHD), stars: pre-main sequence, shock waves, X-rays: stars, ultraviolet: stars, Astrophysics - Solar and Stellar Astrophysics},
         year = 2016,
        month = oct,
       volume = {594},
          eid = {A93},
        pages = {A93},
          doi = {10.1051/0004-6361/201628858},
archivePrefix = {arXiv},
       eprint = {1607.03009},
 primaryClass = {astro-ph.SR},
       adsurl = {https://ui.adsabs.harvard.edu/abs/2016A&A...594A..93C},
      adsnote = {Provided by the SAO/NASA Astrophysics Data System}
}

@ARTICLE{Colombo_2019a,
       author = {{Colombo}, S. and {Orlando}, S. and {Peres}, G. and {Reale}, F. and {Argiroffi}, C. and {Bonito}, R. and {Ibgui}, L. and {Stehl{\'e}}, C.},
        title = "{New view of the corona of classical T Tauri stars: Effects of flaring activity in circumstellar disks}",
      journal = {\aap},
     keywords = {accretion, accretion disks, magnetohydrodynamics (MHD), stars: coronae, stars: flare, stars: pre-main sequence, X-rays: stars, Astrophysics - Solar and Stellar Astrophysics},
         year = 2019,
        month = apr,
       volume = {624},
          eid = {A50},
        pages = {A50},
          doi = {10.1051/0004-6361/201834342},
archivePrefix = {arXiv},
       eprint = {1902.07048},
 primaryClass = {astro-ph.SR},
       adsurl = {https://ui.adsabs.harvard.edu/abs/2019A&A...624A..50C},
      adsnote = {Provided by the SAO/NASA Astrophysics Data System}
}

@ARTICLE{Colombo_2019b,
       author = {{Colombo}, S. and {Ibgui}, L. and {Orlando}, S. and {Rodriguez}, R. and {Espinosa}, G. and {Gonz{\'a}lez}, M. and {Stehl{\'e}}, C. and {de S{\'a}}, L. and {Argiroffi}, C. and {Bonito}, R. and {Peres}, G.},
        title = "{Effects of radiation in accretion regions of classical T Tauri stars. Pre-heating of accretion column in non-LTE regime}",
      journal = {\aap},
     keywords = {accretion, accretion disks, stars: formation, X-rays: stars, ultraviolet: stars, radiation: dynamics, stars: variables: T Tauri, Herbig Ae/Be, Astrophysics - Solar and Stellar Astrophysics, Astrophysics - High Energy Astrophysical Phenomena},
         year = 2019,
        month = sep,
       volume = {629},
          eid = {L9},
        pages = {L9},
          doi = {10.1051/0004-6361/201935989},
archivePrefix = {arXiv},
       eprint = {1908.06799},
 primaryClass = {astro-ph.SR},
       adsurl = {https://ui.adsabs.harvard.edu/abs/2019A&A...629L...9C},
      adsnote = {Provided by the SAO/NASA Astrophysics Data System}
}

@ARTICLE{Costa_2017,
       author = {{Costa}, G. and {Orlando}, S. and {Peres}, G. and {Argiroffi}, C. and {Bonito}, R.},
        title = "{Hydrodynamic modelling of accretion impacts in classical T Tauri stars: radiative heating of the pre-shock plasma}",
      journal = {\aap},
     keywords = {stars: pre-main sequence, accretion, accretion disks, hydrodynamics, shock waves, X-rays: stars, Astrophysics - Solar and Stellar Astrophysics},
         year = 2017,
        month = jan,
       volume = {597},
          eid = {A1},
        pages = {A1},
          doi = {10.1051/0004-6361/201628554},
archivePrefix = {arXiv},
       eprint = {1609.01059},
 primaryClass = {astro-ph.SR},
       adsurl = {https://ui.adsabs.harvard.edu/abs/2017A&A...597A...1C},
      adsnote = {Provided by the SAO/NASA Astrophysics Data System}
}

@article{Dodin_2012,
 adsnote = {Provided by the SAO/NASA Astrophysics Data System},
 adsurl = {https://ui.adsabs.harvard.edu/abs/2012AstL...38..649D},
 archiveprefix = {arXiv},
 author = {{Dodin}, A.~V. and {Lamzin}, S.~A.},
 doi = {10.1134/S1063773712100027},
 eprint = {1209.1851},
 journal = {Astronomy Letters},
 keywords = {stars{\textemdash}individual: RU Lup, S CrA NW, S CrA SE, DR Tau, RWAur{\textemdash}T Tauri stars{\textemdash}stellar atmospheres{\textemdash}radiative transfer{\textemdash}spectra, Astrophysics - Solar and Stellar Astrophysics},
 month = {October},
 number = {10},
 pages = {649-666},
 primaryclass = {astro-ph.SR},
 title = {{Interpretation of the veiling of the photospheric spectrum for T Tauri stars in terms of an accretion model}},
 volume = {38},
 year = {2012}
}

@article{Dodin_2013,
 adsnote = {Provided by the SAO/NASA Astrophysics Data System},
 adsurl = {https://ui.adsabs.harvard.edu/abs/2013AstL...39..315D},
 archiveprefix = {arXiv},
 author = {{Dodin}, A.~V. and {Lamzin}, S.~A. and {Sitnova}, T.~M.},
 doi = {10.1134/S1063773713050010},
 eprint = {1302.1825},
 journal = {Astronomy Letters},
 keywords = {stars-individual: GM Aur, BP Tau, DK Tau, DN Tau, GI Tau, GK Tau, V836 Tau, DI Cep, TW Hya-T Tauri stars-stellar atmospheres-radiative transfer-spectra, Astrophysics - Solar and Stellar Astrophysics},
 month = {May},
 number = {5},
 pages = {315-335},
 primaryclass = {astro-ph.SR},
 title = {{Non-LTE modeling of narrow emission components of He and Ca lines in optical spectra of classical T Tauri stars}},
 volume = {39},
 year = {2013}
}

@inproceedings{Dunham_2014,
 adsnote = {Provided by the SAO/NASA Astrophysics Data System},
 adsurl = {https://ui.adsabs.harvard.edu/abs/2014prpl.conf..195D},
 archiveprefix = {arXiv},
 author = {{Dunham}, M.~M. and {Stutz}, A.~M. and {Allen}, L.~E. and {Evans}, N.~J., II and {Fischer}, W.~J. and {Megeath}, S.~T. and {Myers}, P.~C. and {Offner}, S.~S.~R. and {Poteet}, C.~A. and {Tobin}, J.~J. and {Vorobyov}, E.~I.},
 booktitle = {Protostars and Planets VI},
 doi = {10.2458/azu\_uapress\_9780816531240-ch009},
 editor = {{Beuther}, Henrik and {Klessen}, Ralf S. and {Dullemond}, Cornelis P. and {Henning}, Thomas},
 eprint = {1401.1809},
 keywords = {Astrophysics - Astrophysics of Galaxies},
 month = {January},
 pages = {195},
 primaryclass = {astro-ph.GA},
 title = {{The Evolution of Protostars: Insights from Ten Years of Infrared Surveys with Spitzer and Herschel}},
 year = {2014}
}

@article{dupree_2012,
 adsnote = {Provided by the SAO/NASA Astrophysics Data System},
 adsurl = {https://ui.adsabs.harvard.edu/abs/2012ApJ...750...73D},
 archiveprefix = {arXiv},
 author = {{Dupree}, A.~K. and {Brickhouse}, N.~S. and {Cranmer}, S.~R. and {Luna}, G.~J.~M. and {Schneider}, E.~E. and {Bessell}, M.~S. and {Bonanos}, A. and {Crause}, L.~A. and {Lawson}, W.~A. and {Mallik}, S.~V. and {Schuler}, S.~C.},
 doi = {10.1088/0004-637X/750/1/73},
 eid = {73},
 eprint = {1202.6373},
 journal = {\apj},
 keywords = {accretion, accretion disks, stars: individual: TW Hydrae, stars: pre-main sequence, stars: variables: T Tauri, Herbig Ae/Be, stars: winds, outflows, Astrophysics - Solar and Stellar Astrophysics},
 month = {May},
 number = {1},
 pages = {73},
 primaryclass = {astro-ph.SR},
 title = {{TW Hya: Spectral Variability, X-Rays, and Accretion Diagnostics}},
 volume = {750},
 year = {2012}
}

@article{Favata_2002,
 adsnote = {Provided by the SAO/NASA Astrophysics Data System},
 adsurl = {https://ui.adsabs.harvard.edu/abs/2002A&A...386..204F},
 archiveprefix = {arXiv},
 author = {{Favata}, F. and {Fridlund}, C.~V.~M. and {Micela}, G. and {Sciortino}, S. and {Kaas}, A.~A.},
 doi = {10.1051/0004-6361:20011387},
 eprint = {astro-ph/0110112},
 journal = {\aap},
 keywords = {Astrophysics},
 month = {April},
 pages = {204-210},
 primaryclass = {astro-ph},
 title = {{Discovery of X-ray emission from the protostellar jet L1551 IRS5 (HH 154)}},
 volume = {386},
 year = {2002}
}

@article{Favata_2006,
 adsnote = {Provided by the SAO/NASA Astrophysics Data System},
 adsurl = {https://ui.adsabs.harvard.edu/abs/2006A&A...450L..17F},
 archiveprefix = {arXiv},
 author = {{Favata}, F. and {Bonito}, R. and {Micela}, G. and {Fridlund}, M. and {Orlando}, S. and {Sciortino}, S. and {Peres}, G.},
 doi = {10.1051/0004-6361:20065106},
 eprint = {astro-ph/0603186},
 journal = {\aap},
 keywords = {Astrophysics},
 month = {April},
 number = {1},
 pages = {L17-L20},
 primaryclass = {astro-ph},
 title = {{The discovery of an expanding X-ray source in the HH 154 protostellar jet}},
 volume = {450},
 year = {2006}
}

@inproceedings{Frank_2014,
 adsnote = {Provided by the SAO/NASA Astrophysics Data System},
 adsurl = {https://ui.adsabs.harvard.edu/abs/2014prpl.conf..451F},
 archiveprefix = {arXiv},
 author = {{Frank}, A. and {Ray}, T.~P. and {Cabrit}, S. and {Hartigan}, P. and {Arce}, H.~G. and {Bacciotti}, F. and {Bally}, J. and {Benisty}, M. and {Eisl{\"o}ffel}, J. and {G{\"u}del}, M. and {Lebedev}, S. and {Nisini}, B. and {Raga}, A.},
 booktitle = {Protostars and Planets VI},
 doi = {10.2458/azu\_uapress\_9780816531240-ch020},
 editor = {{Beuther}, Henrik and {Klessen}, Ralf S. and {Dullemond}, Cornelis P. and {Henning}, Thomas},
 eprint = {1402.3553},
 keywords = {Astrophysics - Solar and Stellar Astrophysics},
 month = {January},
 pages = {451},
 primaryclass = {astro-ph.SR},
 title = {{Jets and Outflows from Star to Cloud: Observations Confront Theory}},
 year = {2014}
}

@article{Fridlund_2005,
 adsnote = {Provided by the SAO/NASA Astrophysics Data System},
 adsurl = {https://ui.adsabs.harvard.edu/abs/2005A&A...436..983F},
 archiveprefix = {arXiv},
 author = {{Fridlund}, C.~V.~M. and {Liseau}, R. and {Djupvik}, A.~A. and {Huldtgren}, M. and {White}, G.~J. and {Favata}, F. and {Giardino}, G.},
 doi = {10.1051/0004-6361:20042399},
 eprint = {astro-ph/0503469},
 journal = {\aap},
 keywords = {ISM: individual objects: L1551, ISM: jets and, outflows, ISM: Herbig Haro objects, stars: formation, stars: pre-main sequence, Astrophysics},
 month = {June},
 number = {3},
 pages = {983-997},
 primaryclass = {astro-ph},
 title = {{HST and spectroscopic observations of the L1551 IRS5 jets (HH154)}},
 volume = {436},
 year = {2005}
}

@ARTICLE{Glassgold_2004,
   author = {{Glassgold}, A.~E. and {Najita}, J. and {Igea}, J.},
    title = "{Heating Protoplanetary Disk Atmospheres}",
  journal = {\apj},
 keywords = {Stars: Planetary Systems: Protoplanetary Disks},
     year = 2004,
    month = nov,
   volume = 615,
    pages = {972-990},
      doi = {10.1086/424509},
   adsurl = {http://adsabs.harvard.edu/abs/2004ApJ...615..972G},
  adsnote = {Provided by the SAO/NASA Astrophysics Data System}
}

@article{Gong_2015,
 adsnote = {Provided by the SAO/NASA Astrophysics Data System},
 adsurl = {https://ui.adsabs.harvard.edu/abs/2015ApJ...806...31G},
 archiveprefix = {arXiv},
 author = {{Gong}, Munan and {Ostriker}, Eve C.},
 doi = {10.1088/0004-637X/806/1/31},
 eid = {31},
 eprint = {1504.02140},
 journal = {\apj},
 keywords = {ISM: structure, methods: numerical, stars: formation, stars: luminosity function, mass function, turbulence, Astrophysics - Solar and Stellar Astrophysics},
 month = {June},
 number = {1},
 pages = {31},
 primaryclass = {astro-ph.SR},
 title = {{Prestellar Core Formation, Evolution, and Accretion from Gravitational Fragmentation in Turbulent Converging Flows}},
 volume = {806},
 year = {2015}
}

@article{Grosso_2006,
 adsnote = {Provided by the SAO/NASA Astrophysics Data System},
 adsurl = {https://ui.adsabs.harvard.edu/abs/2006A&A...448L..29G},
 archiveprefix = {arXiv},
 author = {{Grosso}, N. and {Feigelson}, E.~D. and {Getman}, K.~V. and {Kastner}, J.~H. and {Bally}, J. and {McCaughrean}, M.~J.},
 doi = {10.1051/0004-6361:200600004},
 eprint = {astro-ph/0601508},
 journal = {\aap},
 keywords = {ISM: Herbig-Haro objects, ISM: individual objects: HH 210, X-rays: ISM, Astrophysics},
 month = {March},
 number = {2},
 pages = {L29-L32},
 primaryclass = {astro-ph},
 title = {{X-rays from <ASTROBJ>HH 210</ASTROBJ> in the Orion nebula}},
 volume = {448},
 year = {2006}
}

@article{Guedel_2005,
 adsnote = {Provided by the SAO/NASA Astrophysics Data System},
 adsurl = {https://ui.adsabs.harvard.edu/abs/2005ApJ...626L..53G},
 archiveprefix = {arXiv},
 author = {{G{\"u}del}, M. and {Skinner}, S.~L. and {Briggs}, K.~R. and {Audard}, M. and {Arzner}, K. and {Telleschi}, A.},
 doi = {10.1086/431666},
 eprint = {astro-ph/0505178},
 journal = {\apjl},
 keywords = {Stars: Coronae, Stars: Formation, Stars: Individual: Constellation Name: DG Tauri A, Stars: Pre-Main-Sequence, Stars: Winds, Outflows, X-Rays: Stars, Astrophysics},
 month = {June},
 number = {1},
 pages = {L53-L56},
 primaryclass = {astro-ph},
 title = {{Evidence for an X-Ray Jet in DG Tauri A?}},
 volume = {626},
 year = {2005}
}

@article{Guedel_2007,
 adsnote = {Provided by the SAO/NASA Astrophysics Data System},
 adsurl = {https://ui.adsabs.harvard.edu/abs/2007A&A...468..515G},
 archiveprefix = {arXiv},
 author = {{G{\"u}del}, M. and {Telleschi}, A. and {Audard}, M. and {Skinner}, S.~L. and {Briggs}, K.~R. and {Palla}, F. and {Dougados}, C.},
 doi = {10.1051/0004-6361:20065736},
 eprint = {astro-ph/0609182},
 journal = {\aap},
 keywords = {stars: coronae, stars: formation, stars: pre-main sequence, X-rays: stars, Astrophysics},
 month = {June},
 number = {2},
 pages = {515-528},
 primaryclass = {astro-ph},
 title = {{X-rays from jet-driving protostars and T Tauri stars}},
 volume = {468},
 year = {2007}
}

@article{Guedel_2008,
 adsnote = {Provided by the SAO/NASA Astrophysics Data System},
 adsurl = {https://ui.adsabs.harvard.edu/abs/2008A&A...478..797G},
 archiveprefix = {arXiv},
 author = {{G{\"u}del}, M. and {Skinner}, S.~L. and {Audard}, M. and {Briggs}, K.~R. and {Cabrit}, S.},
 doi = {10.1051/0004-6361:20078141},
 eprint = {0712.1330},
 journal = {\aap},
 keywords = {stars: coronae, stars: formation, stars: individual: DG Tau, stars: pre-main sequence, stars: winds, outflows, X-rays: stars, Astrophysics},
 month = {February},
 number = {3},
 pages = {797-807},
 primaryclass = {astro-ph},
 title = {{Discovery of a bipolar X-ray jet from the T Tauri star DG Tauri}},
 volume = {478},
 year = {2008}
}

@article{Guenther_2007,
 adsnote = {Provided by the SAO/NASA Astrophysics Data System},
 adsurl = {https://ui.adsabs.harvard.edu/abs/2007A&A...466.1111G},
 archiveprefix = {arXiv},
 author = {{G{\"u}nther}, H.~M. and {Schmitt}, J.~H.~M.~M. and {Robrade}, J. and {Liefke}, C.},
 doi = {10.1051/0004-6361:20065669},
 eprint = {astro-ph/0702579},
 journal = {\aap},
 keywords = {accretion, accretion disks, methods: numerical, stars: pre-main sequence, stars: late-type, stars: individual: TW Hya, X-rays: stars, Astrophysics},
 month = {May},
 number = {3},
 pages = {1111-1121},
 primaryclass = {astro-ph},
 title = {{X-ray emission from classical T Tauri stars: accretion shocks and coronae?}},
 volume = {466},
 year = {2007}
}

@article{Guenther_2013,
 adsnote = {Provided by the SAO/NASA Astrophysics Data System},
 adsurl = {https://ui.adsabs.harvard.edu/abs/2013A&A...552A.142G},
 archiveprefix = {arXiv},
 author = {{G{\"u}nther}, H.~M. and {Schneider}, P.~C. and {Li}, Z. -Y.},
 doi = {10.1051/0004-6361/201220772},
 eid = {A142},
 eprint = {1302.3233},
 journal = {\aap},
 keywords = {circumstellar matter, stars: formation, stars: pre-main sequence, X-rays: stars, stars: individual: HD 163296, Astrophysics - Solar and Stellar Astrophysics},
 month = {April},
 pages = {A142},
 primaryclass = {astro-ph.SR},
 title = {{The evolution of the jet from Herbig Ae star HD 163296 from 1999 to 2011}},
 volume = {552},
 year = {2013}
}

@article{Haro_1952,
 adsnote = {Provided by the SAO/NASA Astrophysics Data System},
 adsurl = {https://ui.adsabs.harvard.edu/abs/1952ApJ...115..572H},
 author = {{Haro}, Guillermo},
 doi = {10.1086/145576},
 journal = {\apj},
 month = {May},
 pages = {572},
 title = {{Herbig's Nebulous Objects Near NGC 1999.}},
 volume = {115},
 year = {1952}
}

@article{Haro_1953,
 adsnote = {Provided by the SAO/NASA Astrophysics Data System},
 adsurl = {https://ui.adsabs.harvard.edu/abs/1953ApJ...117...73H},
 author = {{Haro}, Guillermo},
 doi = {10.1086/145669},
 journal = {\apj},
 month = {January},
 pages = {73},
 title = {{H{\ensuremath{\alpha}} Emission Stars and Peculiar Objects in the Orion Nebula.}},
 volume = {117},
 year = {1953}
}

@article{Hartmann_2016,
 author = {Hartmann, Lee and Herczeg, Gregory and Calvet, Nuria},
 title = {Accretion onto Pre-Main-Sequence Stars},
 journal = {Annual Review of Astronomy and Astrophysics},
 volume = {54},
 number = {1},
 pages = {135-180},
 year = {2016},
 doi = {10.1146/annurev-astro-081915-023347},
 URL = {https://doi.org/10.1146/annurev-astro-081915-023347},
 eprint = {https://doi.org/10.1146/annurev-astro-081915-023347},
}

@article{Hayashi_1961,
 adsnote = {Provided by the SAO/NASA Astrophysics Data System},
 adsurl = {https://ui.adsabs.harvard.edu/abs/1961PASJ...13..450H},
 author = {{Hayashi}, C.},
 journal = {\pasj},
 month = {January},
 pages = {450-452},
 title = {{Stellar evolution in early phases of gravitational contraction.}},
 volume = {13},
 year = {1961}
}

@article{Herbig_1950,
 adsnote = {Provided by the SAO/NASA Astrophysics Data System},
 adsurl = {https://ui.adsabs.harvard.edu/abs/1950ApJ...111...11H},
 author = {{Herbig}, George H.},
 doi = {10.1086/145232},
 journal = {\apj},
 month = {January},
 pages = {11},
 title = {{The Spectrum of the Nebulosity Surrounding T Tauri.}},
 volume = {111},
 year = {1950}
}

@article{Herbig_1951,
 adsnote = {Provided by the SAO/NASA Astrophysics Data System},
 adsurl = {https://ui.adsabs.harvard.edu/abs/1951ApJ...113..697H},
 author = {{Herbig}, George H.},
 doi = {10.1086/145440},
 journal = {\apj},
 month = {May},
 pages = {697-699},
 title = {{The Spectra of Two Nebulous Objects Near NGC 1999.}},
 volume = {113},
 year = {1951}
}

@article{Huarte_2012,
 adsnote = {Provided by the SAO/NASA Astrophysics Data System},
 adsurl = {https://ui.adsabs.harvard.edu/abs/2012ApJ...757...66H},
 archiveprefix = {arXiv},
 author = {{Huarte-Espinosa}, M. and {Frank}, A. and {Blackman}, E.~G. and {Ciardi}, A. and {Hartigan}, P. and {Lebedev}, S.~V. and {Chittenden}, J.~P.},
 doi = {10.1088/0004-637X/757/1/66},
 eid = {66},
 eprint = {1204.0800},
 journal = {\apj},
 keywords = {ISM: jets and outflows, methods: numerical, stars: magnetic field, stars: winds, outflows, Astrophysics - Solar and Stellar Astrophysics},
 month = {September},
 number = {1},
 pages = {66},
 primaryclass = {astro-ph.SR},
 title = {{On the Structure and Stability of Magnetic Tower Jets}},
 volume = {757},
 year = {2012}
}

@article{Joy_1945,
 adsnote = {Provided by the SAO/NASA Astrophysics Data System},
 adsurl = {https://ui.adsabs.harvard.edu/abs/1945ApJ...102..168J},
 author = {{Joy}, Alfred H.},
 doi = {10.1086/144749},
 journal = {ApJ },
 month = {Sep},
 pages = {168},
 title = {{T Tauri Variable Stars.}},
 volume = {102},
 year = {1945}
}

@article{Kastner_2002,
 adsnote = {Provided by the SAO/NASA Astrophysics Data System},
 adsurl = {https://ui.adsabs.harvard.edu/abs/2002ApJ...567..434K},
 archiveprefix = {arXiv},
 author = {{Kastner}, Joel H. and {Huenemoerder}, David P. and {Schulz}, Norbert S. and {Canizares}, Claude R. and {Weintraub}, David A.},
 doi = {10.1086/338419},
 eprint = {astro-ph/0111049},
 journal = {\apj},
 keywords = {Stars: Circumstellar Matter, Stars: Formation, Stars: Individual: Constellation Name: TW Hydrae, X-Rays: Stars, Astrophysics},
 month = {March},
 number = {1},
 pages = {434-440},
 primaryclass = {astro-ph},
 title = {{Evidence for Accretion: High-Resolution X-Ray Spectroscopy of the Classical T Tauri Star TW Hydrae}},
 volume = {567},
 year = {2002}
}

@article{lamzin_1998,
 adsnote = {Provided by the SAO/NASA Astrophysics Data System},
 adsurl = {https://ui.adsabs.harvard.edu/abs/1998ARep...42..322L},
 archiveprefix = {arXiv},
 author = {{Lamzin}, S.~A.},
 eprint = {1303.4066},
 journal = {Astronomy Reports},
 keywords = {Astrophysics - Solar and Stellar Astrophysics},
 month = {May},
 number = {3},
 pages = {322-335},
 primaryclass = {astro-ph.SR},
 title = {{The structure of shock waves in the case of accretion onto low-mass young stars}},
 volume = {42},
 year = {1998}
}

@article{Larson_2003,
 adsnote = {Provided by the SAO/NASA Astrophysics Data System},
 adsurl = {https://ui.adsabs.harvard.edu/abs/2003RPPh...66.1651L},
 archiveprefix = {arXiv},
 author = {{Larson}, Richard B.},
 doi = {10.1088/0034-4885/66/10/R03},
 eprint = {astro-ph/0306595},
 journal = {Reports on Progress in Physics},
 keywords = {Astrophysics},
 month = {October},
 number = {10},
 pages = {1651-1697},
 primaryclass = {astro-ph},
 title = {{The physics of star formation}},
 volume = {66},
 year = {2003}
}

@article{Lee_2020,
 adsnote = {Provided by the SAO/NASA Astrophysics Data System},
 adsurl = {https://ui.adsabs.harvard.edu/abs/2020SSRv..216...70L},
 archiveprefix = {arXiv},
 author = {{Lee}, Yueh-Ning and {Offner}, Stella S.~R. and {Hennebelle}, Patrick and {Andr{\'e}}, Philippe and {Zinnecker}, Hans and {Ballesteros-Paredes}, Javier and {Inutsuka}, Shu-ichiro and {Kruijssen}, J.~M. Diederik},
 doi = {10.1007/s11214-020-00699-2},
 eid = {70},
 eprint = {2006.05778},
 journal = {\ssr},
 keywords = {Initial mass function, Core mass function, Stellar cluster, Multiplicity, Astrophysics - Astrophysics of Galaxies},
 month = {June},
 number = {4},
 pages = {70},
 primaryclass = {astro-ph.GA},
 title = {{The Origin of the Stellar Mass Distribution and Multiplicity}},
 volume = {216},
 year = {2020}
}

@article{Lopez_2015,
 adsnote = {Provided by the SAO/NASA Astrophysics Data System},
 adsurl = {https://ui.adsabs.harvard.edu/abs/2015ApJ...806...53L},
 archiveprefix = {arXiv},
 author = {{L{\'o}pez-Santiago}, J. and {Bonito}, R. and {Orellana}, M. and {Miceli}, M. and {Orlando}, S. and {Ustamujic}, S. and {Albacete-Colombo}, J.~F. and {de Castro}, E. and {G{\'o}mez de Castro}, A.~I.},
 doi = {10.1088/0004-637X/806/1/53},
 eid = {53},
 eprint = {1503.03717},
 journal = {\apj},
 keywords = {hydrodynamics, Herbig{\textendash}Haro objects, ISM: individual objects: HH 248, ISM: jets and outflows, X-rays: ISM, Astrophysics - Solar and Stellar Astrophysics},
 month = {June},
 number = {1},
 pages = {53},
 primaryclass = {astro-ph.SR},
 title = {{X-ray Emission from Stellar Jets by Collision against High-density Molecular Clouds: an Application to HH 248}},
 volume = {806},
 year = {2015}
}

@article{Magazzu_1992,
 adsnote = {Provided by the SAO/NASA Astrophysics Data System},
 adsurl = {https://ui.adsabs.harvard.edu/abs/1992ApJ...392..159M},
 author = {{Magazzu}, Antonio and {Rebolo}, Rafael and {Pavlenko}, Iakov V.},
 doi = {10.1086/171414},
 journal = {ApJ},
 keywords = {Abundance, Lithium, Stellar Composition, T Tauri Stars, Nonequilibrium Thermodynamics, Stellar Physics, Stellar Spectra, Stellar Temperature, Astrophysics, STARS: ABUNDANCES, STARS: EVOLUTION, STARS: PRE--MAIN-SEQUENCE},
 month = {Jun},
 pages = {159},
 title = {{Lithium Abundances in Classical and Weak T Tauri Stars}},
 volume = {392},
 year = {1992}
}

@ARTICLE{Matsakos_2013,
       author = {{Matsakos}, T. and {Chi{\`e}ze}, J. -P. and {Stehl{\'e}}, C. and {Gonz{\'a}lez}, M. and {Ibgui}, L. and {de S{\'a}}, L. and {Lanz}, T. and {Orlando}, S. and {Bonito}, R. and {Argiroffi}, C. and {Reale}, F. and {Peres}, G.},
        title = "{YSO accretion shocks: magnetic, chromospheric or stochastic flow effects can suppress fluctuations of X-ray emission}",
      journal = {\aap},
     keywords = {accretion, accretion disks, magnetohydrodynamics (MHD), radiative transfer, shock waves, instabilities, Astrophysics - Solar and Stellar Astrophysics},
         year = 2013,
        month = sep,
       volume = {557},
          eid = {A69},
        pages = {A69},
          doi = {10.1051/0004-6361/201321820},
archivePrefix = {arXiv},
       eprint = {1307.5389},
 primaryClass = {astro-ph.SR},
       adsurl = {https://ui.adsabs.harvard.edu/abs/2013A&A...557A..69M},
      adsnote = {Provided by the SAO/NASA Astrophysics Data System}
}

@article{Matt_2005,
 adsnote = {Provided by the SAO/NASA Astrophysics Data System},
 adsurl = {https://ui.adsabs.harvard.edu/abs/2005ApJ...632L.135M},
 archiveprefix = {arXiv},
 author = {{Matt}, Sean and {Pudritz}, Ralph E.},
 doi = {10.1086/498066},
 eprint = {astro-ph/0510060},
 journal = {\apjl},
 keywords = {Accretion, Accretion Disks, Magnetohydrodynamics: MHD, Stars: Magnetic Fields, Stars: Pre-Main-Sequence, Stars: Rotation, Stars: Winds, Outflows, Astrophysics},
 month = {October},
 number = {2},
 pages = {L135-L138},
 primaryclass = {astro-ph},
 title = {{Accretion-powered Stellar Winds as a Solution to the Stellar Angular Momentum Problem}},
 volume = {632},
 year = {2005}
}

@article{McKee_2007,
 adsnote = {Provided by the SAO/NASA Astrophysics Data System},
 adsurl = {https://ui.adsabs.harvard.edu/abs/2007ARA&A..45..565M},
 archiveprefix = {arXiv},
 author = {{McKee}, Christopher F. and {Ostriker}, Eve C.},
 doi = {10.1146/annurev.astro.45.051806.110602},
 eprint = {0707.3514},
 journal = {\araa},
 keywords = {Astrophysics},
 month = {September},
 number = {1},
 pages = {565-687},
 primaryclass = {astro-ph},
 title = {{Theory of Star Formation}},
 volume = {45},
 year = {2007}
}

@ARTICLE{Orlando_2010,
       author = {{Orlando}, S. and {Sacco}, G.~G. and {Argiroffi}, C. and {Reale}, F. and {Peres}, G. and {Maggio}, A.},
        title = "{X-ray emitting MHD accretion shocks in classical T Tauri stars. Case for moderate to high plasma-{\ensuremath{\beta}} values}",
      journal = {\aap},
     keywords = {accretion, accretion disks, magnetohydrodynamics (MHD), shock waves, stars: pre-main sequence, X-rays: stars, instabilities, Astrophysics - Solar and Stellar Astrophysics, Astrophysics - High Energy Astrophysical Phenomena},
         year = 2010,
        month = feb,
       volume = {510},
          eid = {A71},
        pages = {A71},
          doi = {10.1051/0004-6361/200913565},
archivePrefix = {arXiv},
       eprint = {0912.1799},
 primaryClass = {astro-ph.SR},
       adsurl = {https://ui.adsabs.harvard.edu/abs/2010A&A...510A..71O},
      adsnote = {Provided by the SAO/NASA Astrophysics Data System}
}

@ARTICLE{Orlando_2013,
       author = {{Orlando}, S. and {Bonito}, R. and {Argiroffi}, C. and {Reale}, F. and {Peres}, G. and {Miceli}, M. and {Matsakos}, T. and {Stehl{\'e}}, C. and {Ibgui}, L. and {de Sa}, L. and {Chi{\`e}ze}, J.~P. and {Lanz}, T.},
        title = "{Radiative accretion shocks along nonuniform stellar magnetic fields in classical T Tauri stars}",
      journal = {\aap},
     keywords = {accretion, accretion disks, instabilities, magnetohydrodynamics (MHD), shock waves, stars: pre-main sequence, X-rays: stars, Astrophysics - Solar and Stellar Astrophysics},
         year = 2013,
        month = nov,
       volume = {559},
          eid = {A127},
        pages = {A127},
          doi = {10.1051/0004-6361/201322076},
archivePrefix = {arXiv},
       eprint = {1309.5038},
 primaryClass = {astro-ph.SR},
       adsurl = {https://ui.adsabs.harvard.edu/abs/2013A&A...559A.127O},
      adsnote = {Provided by the SAO/NASA Astrophysics Data System}
}

@article{Padoan_2014,
 adsnote = {Provided by the SAO/NASA Astrophysics Data System},
 adsurl = {https://ui.adsabs.harvard.edu/abs/2014ApJ...797...32P},
 archiveprefix = {arXiv},
 author = {{Padoan}, Paolo and {Haugb{\o}lle}, Troels and {Nordlund}, {\r{A}}ke},
 doi = {10.1088/0004-637X/797/1/32},
 eid = {32},
 eprint = {1407.1445},
 journal = {\apj},
 keywords = {ISM: kinematics and dynamics, magnetohydrodynamics: MHD, stars: formation, stars: protostars, turbulence, Astrophysics - Solar and Stellar Astrophysics},
 month = {December},
 number = {1},
 pages = {32},
 primaryclass = {astro-ph.SR},
 title = {{Infall-driven Protostellar Accretion and the Solution to the Luminosity Problem}},
 volume = {797},
 year = {2014}
}

@article{PhysRevLett.119.255002,
 adsnote = {Provided by the SAO/NASA Astrophysics Data System},
 adsurl = {https://ui.adsabs.harvard.edu/abs/2017PhRvL.119y5002H},
 author = {{Higginson}, D.~P. and {Khiar}, B. and {Revet}, G. and {B{\'e}ard}, J. and {Blecher}, M. and {Borghesi}, M. and {Burdonov}, K. and {Chen}, S.~N. and {Filippov}, E. and {Khaghani}, D. and {Naughton}, K. and {P{\'e}pin}, H. and {Pikuz}, S. and {Portugall}, O. and {Riconda}, C. and {Riquier}, R. and {Rodriguez}, R. and {Ryazantsev}, S.~N. and {Skobelev}, I. Yu. and {Soloviev}, A. and {Starodubtsev}, M. and {Vinci}, T. and {Willi}, O. and {Ciardi}, A. and {Fuchs}, J.},
 doi = {10.1103/PhysRevLett.119.255002},
 eid = {255002},
 journal = {\prl},
 month = {December},
 number = {25},
 pages = {255002},
 title = {{Enhancement of Quasistationary Shocks and Heating via Temporal Staging in a Magnetized Laser-Plasma Jet}},
 volume = {119},
 year = {2017}
}

@article{Pravdo_2001,
 adsnote = {Provided by the SAO/NASA Astrophysics Data System},
 adsurl = {https://ui.adsabs.harvard.edu/abs/2001Natur.413..708P},
 author = {{Pravdo}, Steven H. and {Feigelson}, Eric D. and {Garmire}, Gordon and {Maeda}, Yoshitomo and {Tsuboi}, Yohko and {Bally}, John},
 doi = {10.1038/35099508},
 journal = {\nat},
 month = {October},
 number = {6857},
 pages = {708-711},
 title = {{Discovery of X-rays from the protostellar outflow object HH2}},
 volume = {413},
 year = {2001}
}

@article{Pravdo_2004,
 adsnote = {Provided by the SAO/NASA Astrophysics Data System},
 adsurl = {https://ui.adsabs.harvard.edu/abs/2004ApJ...605..259P},
 archiveprefix = {arXiv},
 author = {{Pravdo}, Steven H. and {Tsuboi}, Yohko and {Maeda}, Yoshitomo},
 doi = {10.1086/382220},
 eprint = {astro-ph/0403267},
 journal = {\apj},
 keywords = {ISM: Herbig-Haro Objects, ISM: Individual: Alphanumeric: HH 80, ISM: Individual: Alphanumeric: HH 81, X-Rays: ISM, Astrophysics},
 month = {April},
 number = {1},
 pages = {259-271},
 primaryclass = {astro-ph},
 title = {{X-Rays from HH 80, HH 81, and the Central Region}},
 volume = {605},
 year = {2004}
}

@article{Pravdo_2005,
 adsnote = {Provided by the SAO/NASA Astrophysics Data System},
 adsurl = {https://ui.adsabs.harvard.edu/abs/2005ApJ...626..272P},
 archiveprefix = {arXiv},
 author = {{Pravdo}, Steven H. and {Tsuboi}, Yohko},
 doi = {10.1086/429988},
 eprint = {astro-ph/0502543},
 journal = {\apj},
 keywords = {ISM: Herbig-Haro Objects, X-Rays: ISM, Astrophysics},
 month = {June},
 number = {1},
 pages = {272-282},
 primaryclass = {astro-ph},
 title = {{X-Rays from Cepheus A East and West}},
 volume = {626},
 year = {2005}
}

@article{Pudritz_1983,
 adsnote = {Provided by the SAO/NASA Astrophysics Data System},
 adsurl = {https://ui.adsabs.harvard.edu/abs/1983ApJ...274..677P},
 author = {{Pudritz}, R.~E. and {Norman}, C.~A.},
 doi = {10.1086/161481},
 journal = {\apj},
 keywords = {Early Stars, Interstellar Gas, Magnetohydrodynamic Flow, Molecular Clouds, Angular Momentum, Disks, Hydrodynamic Equations, Interstellar Magnetic Fields, Stellar Evolution, Astrophysics},
 month = {November},
 pages = {677-697},
 title = {{Centrifugally driven winds from contracting molecular disks}},
 volume = {274},
 year = {1983}
}

@article{Raga_2002,
 adsnote = {Provided by the SAO/NASA Astrophysics Data System},
 adsurl = {https://ui.adsabs.harvard.edu/abs/2002ApJ...576L.149R},
 archiveprefix = {arXiv},
 author = {{Raga}, A.~C. and {Noriega-Crespo}, A. and {Vel{\'a}zquez}, P.~F.},
 doi = {10.1086/343760},
 eprint = {astro-ph/0208079},
 journal = {\apjl},
 keywords = {ISM: Herbig-Haro Objects, ISM: Individual: Alphanumeric: HH 2, ISM: Individual: Alphanumeric: HH 80-81, ISM: Jets and Outflows, ISM: Kinematics and Dynamics, Shock Waves, Astrophysics},
 month = {September},
 number = {2},
 pages = {L149-L152},
 primaryclass = {astro-ph},
 title = {{The X-Ray Luminosities of Herbig-Haro Objects}},
 volume = {576},
 year = {2002}
}

@book{raizerzeldovich,
 adsnote = {Provided by the SAO/NASA Astrophysics Data System},
 adsurl = {https://ui.adsabs.harvard.edu/abs/1967pswh.book.....Z},
 author = {{Zel'dovich}, Ya. B. and {Raizer}, Yu. P.},
 title = {{Physics of shock waves and high-temperature hydrodynamic phenomena}},
 year = {1967}
}

@ARTICLE{Reale_2014,
       author = {{Reale}, F. and {Orlando}, S. and {Testa}, P. and {Landi}, E. and {Schrijver}, C.~J.},
        title = "{Bright Hot Impacts by Erupted Fragments Falling Back on the Sun: UV Redshifts in Stellar Accretion}",
      journal = {\apjl},
     keywords = {circumstellar matter, stars: formation, Sun: corona, Sun: UV radiation, Sun: X-rays, gamma rays, Astrophysics - Solar and Stellar Astrophysics},
         year = 2014,
        month = dec,
       volume = {797},
       number = {1},
          eid = {L5},
        pages = {L5},
          doi = {10.1088/2041-8205/797/1/L5},
archivePrefix = {arXiv},
       eprint = {1410.7193},
 primaryClass = {astro-ph.SR},
       adsurl = {https://ui.adsabs.harvard.edu/abs/2014ApJ...797L...5R},
      adsnote = {Provided by the SAO/NASA Astrophysics Data System}
}

@ARTICLE{Revet_2017,
       author = {{Revet}, G. and {Chen}, S.~N. and {Bonito}, R. and {Khiar}, B. and {Filippov}, E. and {Argiroffi}, C. and {Higginson}, D.~P. and {Orlando}, S. and {B{\'e}ard}, J. and {Blecher}, M. and {Borghesi}, M. and {Burdonov}, K. and {Khaghani}, D. and {Naughton}, K. and {P{\'e}pin}, H. and {Portugall}, O. and {Riquier}, R. and {Rodriguez}, R. and {Ryazantsev}, S.~N. and {Skobelev}, I. Yu. and {Soloviev}, A. and {Willi}, O. and {Pikuz}, S. and {Ciardi}, A. and {Fuchs}, J.},
        title = "{Laboratory unravelling of matter accretion in young stars}",
      journal = {Science Advances},
     keywords = {Astrophysics - Solar and Stellar Astrophysics, Astrophysics - High Energy Astrophysical Phenomena, Physics - Plasma Physics, Astrophysics - Solar and Stellar Astrophysics, Astrophysics - High Energy Astrophysical Phenomena, Physics - Plasma Physics},
         year = 2017,
        month = nov,
       volume = {3},
       number = {11},
        pages = {E982},
          doi = {10.1126/sciadv.1700982},
archivePrefix = {arXiv},
       eprint = {1708.02528},
 primaryClass = {astro-ph.SR},
       adsurl = {https://ui.adsabs.harvard.edu/abs/2017SciA....3E0982R},
      adsnote = {Provided by the SAO/NASA Astrophysics Data System}
}

@ARTICLE{Revet_2021,
       author = {{Revet}, G. and {Khiar}, B. and {Filippov}, E. and {Argiroffi}, C. and {B{\'e}ard}, J. and {Bonito}, R. and {Cerchez}, M. and {Chen}, S.~N. and {Gangolf}, T. and {Higginson}, D.~P. and {Mignone}, A. and {Olmi}, B. and {Ouill{\'e}}, M. and {Ryazantsev}, S.~N. and {Skobelev}, I. Yu. and {Safronova}, M.~I. and {Starodubtsev}, M. and {Vinci}, T. and {Willi}, O. and {Pikuz}, S. and {Orlando}, S. and {Ciardi}, A. and {Fuchs}, J.},
        title = "{Laboratory disruption of scaled astrophysical outflows by a misaligned magnetic field}",
      journal = {Nature Communications},
     keywords = {Astrophysics - Solar and Stellar Astrophysics, Astrophysics - High Energy Astrophysical Phenomena, Physics - Plasma Physics},
         year = 2021,
        month = jan,
       volume = {12},
          eid = {762},
        pages = {762},
          doi = {10.1038/s41467-021-20917-x},
archivePrefix = {arXiv},
       eprint = {2004.09840},
 primaryClass = {astro-ph.SR},
       adsurl = {https://ui.adsabs.harvard.edu/abs/2021NatCo..12..762R},
      adsnote = {Provided by the SAO/NASA Astrophysics Data System}
}

@ARTICLE{Sa_2019,
       author = {{de S{\'a}}, L. and {Chi{\`e}ze}, J. -P. and {Stehl{\'e}}, C. and {Hubeny}, I. and {Lanz}, T. and {Cayatte}, V.},
        title = "{New insight on accretion shocks onto young stellar objects. Chromospheric feedback and radiation transfer}",
      journal = {\aap},
     keywords = {stars: pre-main sequence, accretion, accretion disks, methods: numerical, hydrodynamics, radiative transfer, opacity},
         year = 2019,
        month = oct,
       volume = {630},
          eid = {A84},
        pages = {A84},
          doi = {10.1051/0004-6361/201833400},
       adsurl = {https://ui.adsabs.harvard.edu/abs/2019A&A...630A..84D},
      adsnote = {Provided by the SAO/NASA Astrophysics Data System}
}

@article{Schneider_2008,
 adsnote = {Provided by the SAO/NASA Astrophysics Data System},
 adsurl = {https://ui.adsabs.harvard.edu/abs/2008A&A...488L..13S},
 archiveprefix = {arXiv},
 author = {{Schneider}, P.~C. and {Schmitt}, J.~H.~M.~M.},
 doi = {10.1051/0004-6361:200810261},
 eprint = {0807.2156},
 journal = {A\&A},
 keywords = {stars: individual: DG Tauri, stars: winds, outflows, X-rays: stars, stars: pre-main sequence, Astrophysics},
 month = {Sep},
 number = {2},
 pages = {L13-L16},
 primaryclass = {astro-ph},
 title = {{The nature of the soft X-ray source in DG Tauri}},
 volume = {488},
 year = {2008}
}

@article{Schneider_2009,
 adsnote = {Provided by the SAO/NASA Astrophysics Data System},
 adsurl = {https://ui.adsabs.harvard.edu/abs/2009A&A...508..717S},
 archiveprefix = {arXiv},
 author = {{Schneider}, P.~C. and {G{\"u}nther}, H.~M. and {Schmitt}, J.~H.~M.~M.},
 doi = {10.1051/0004-6361/200912890},
 eprint = {0909.5326},
 journal = {\aap},
 keywords = {stars: winds, outflows, X-rays: ISM, Herbig-Haro objects, ISM: jets and outflows, ISM: individual objects: HH 168, Astrophysics - Solar and Stellar Astrophysics, Astrophysics - Astrophysics of Galaxies},
 month = {December},
 number = {2},
 pages = {717-724},
 primaryclass = {astro-ph.SR},
 title = {{Chandra observation of Cepheus A: the diffuse emission of HH 168 resolved}},
 volume = {508},
 year = {2009}
}

@article{Schneider_2011,
 adsnote = {Provided by the SAO/NASA Astrophysics Data System},
 adsurl = {https://ui.adsabs.harvard.edu/abs/2011A&A...530A.123S},
 archiveprefix = {arXiv},
 author = {{Schneider}, P.~C. and {G{\"u}nther}, H.~M. and {Schmitt}, J.~H.~M.~M.},
 doi = {10.1051/0004-6361/201016305},
 eid = {A123},
 eprint = {1105.1663},
 journal = {A\&A},
 keywords = {stars: winds, outflows, X-rays: ISM, Herbig-Haro objects, ISM: jets and outflows, ISM: individual objects: HH 154, ISM: individual objects: L1551 IRS 5, Astrophysics - Solar and Stellar Astrophysics},
 month = {Jun},
 pages = {A123},
 primaryclass = {astro-ph.SR},
 title = {{The X-ray puzzle of the L1551 IRS 5 jet}},
 volume = {530},
 year = {2011}
}

@article{Schneider_2012,
 adsnote = {Provided by the SAO/NASA Astrophysics Data System},
 adsurl = {https://ui.adsabs.harvard.edu/abs/2012A&A...542A.123S},
 archiveprefix = {arXiv},
 author = {{Schneider}, P.~C. and {G{\"u}nther}, H.~M. and {Schmitt}, J.~H.~M.~M.},
 doi = {10.1051/0004-6361/201118605},
 eid = {A123},
 eprint = {1205.3905},
 journal = {\aap},
 keywords = {Herbig-Haro objects, ISM: jets and outflows, ISM: individual objects: HH 2, X-rays: ISM, stars: winds, outflows, Astrophysics - Solar and Stellar Astrophysics},
 month = {June},
 pages = {A123},
 primaryclass = {astro-ph.SR},
 title = {{The evolution of the X-ray emission of HH 2. Investigating heating and cooling processes}},
 volume = {542},
 year = {2012}
}

@article{Schneider_2020,
 adsnote = {Provided by the SAO/NASA Astrophysics Data System},
 adsurl = {https://ui.adsabs.harvard.edu/abs/2020Galax...8...27S},
 archiveprefix = {arXiv},
 author = {{Schneider}, P. Christian and {G{\"u}nther}, H. Moritz and {France}, Kevin},
 doi = {10.3390/galaxies8010027},
 eprint = {2005.10031},
 journal = {Galaxies},
 keywords = {Astrophysics - Solar and Stellar Astrophysics, Astrophysics - Astrophysics of Galaxies},
 month = {March},
 number = {1},
 pages = {27},
 primaryclass = {astro-ph.SR},
 title = {{The UV Perspective of Low-Mass Star Formation}},
 volume = {8},
 year = {2020}
}

@article{Shu_1994,
 adsnote = {Provided by the SAO/NASA Astrophysics Data System},
 adsurl = {https://ui.adsabs.harvard.edu/abs/1994ApJ...429..781S},
 author = {{Shu}, Frank and {Najita}, Joan and {Ostriker}, Eve and {Wilkin}, Frank and {Ruden}, Steven and {Lizano}, Susana},
 doi = {10.1086/174363},
 journal = {\apj},
 keywords = {Astronomical Models, Centrifugal Force, Disk Galaxies, Magnetic Fields, Mass Flow, Protostars, Stellar Mass Accretion, T Tauri Stars, Angular Momentum, Numerical Analysis, Stellar Winds, Terminal Velocity, Astrophysics, ACCRETION, ACCRETION DISKS, MAGNETOHYDRODYNAMICS: MHD, STARS: FORMATION, STARS: MAGNETIC FIELDS, STARS: MASS LOSS, STARS: PRE--MAIN-SEQUENCE, STARS: ROTATION},
 month = {July},
 pages = {781},
 title = {{Magnetocentrifugally Driven Flows from Young Stars and Disks. I. A Generalized Model}},
 volume = {429},
 year = {1994}
}

@article{Skinner_2011,
 adsnote = {Provided by the SAO/NASA Astrophysics Data System},
 adsurl = {https://ui.adsabs.harvard.edu/abs/2011ApJ...737...19S},
 archiveprefix = {arXiv},
 author = {{Skinner}, Stephen L. and {Audard}, Marc and {G{\"u}del}, Manuel},
 doi = {10.1088/0004-637X/737/1/19},
 eid = {19},
 eprint = {1105.5125},
 journal = {\apj},
 keywords = {stars: pre-main sequence, X-rays: stars, Astrophysics - Solar and Stellar Astrophysics},
 month = {August},
 number = {1},
 pages = {19},
 primaryclass = {astro-ph.SR},
 title = {{Chandra Evidence for Extended X-Ray Structure in RY Tau}},
 volume = {737},
 year = {2011}
}

@book{Spitzer_1962,
 adsnote = {Provided by the SAO/NASA Astrophysics Data System},
 adsurl = {https://ui.adsabs.harvard.edu/abs/1962pfig.book.....S},
 author = {{Spitzer}, L.},
 title = {{Physics of Fully Ionized Gases}},
 year = {1962}
}

@article{Stelzer_2009,
 adsnote = {Provided by the SAO/NASA Astrophysics Data System},
 adsurl = {https://ui.adsabs.harvard.edu/abs/2009A&A...499..529S},
 archiveprefix = {arXiv},
 author = {{Stelzer}, B. and {Hubrig}, S. and {Orlando}, S. and {Micela}, G. and {Mikul{\'a}{\v{s}}ek}, Z. and {Sch{\"o}ller}, M.},
 doi = {10.1051/0004-6361/200911750},
 eprint = {0903.4060},
 journal = {\aap},
 keywords = {X-rays: stars, accretion, accretion disks, stars: pre-main sequence, stars: variables: general, stars: activity, stars: winds, outflows, Astrophysics - Solar and Stellar Astrophysics, Astrophysics - High Energy Astrophysical Phenomena},
 month = {May},
 number = {2},
 pages = {529-533},
 primaryclass = {astro-ph.SR},
 title = {{The X-ray emission from Z Canis Majoris during an FUor-like outburst and the detection of its X-ray jet}},
 volume = {499},
 year = {2009}
}

@ARTICLE{Stepanovs_2014,
       author = {{Stepanovs}, Deniss and {Fendt}, Christian},
        title = "{Modeling MHD Accretion-Ejection{\textemdash}from the Launching Area to Propagation Scales}",
      journal = {\apj},
     keywords = {accretion, accretion disks, galaxies: jets, ISM: jets and outflows, magnetohydrodynamics: MHD, stars: mass-loss, stars: pre-main sequence, Astrophysics - High Energy Astrophysical Phenomena},
         year = 2014,
        month = sep,
       volume = {793},
       number = {1},
          eid = {31},
        pages = {31},
          doi = {10.1088/0004-637X/793/1/31},
archivePrefix = {arXiv},
       eprint = {1407.3136},
 primaryClass = {astro-ph.HE},
       adsurl = {https://ui.adsabs.harvard.edu/abs/2014ApJ...793...31S},
      adsnote = {Provided by the SAO/NASA Astrophysics Data System}
}

@article{Swartz_2005,
 adsnote = {Provided by the SAO/NASA Astrophysics Data System},
 adsurl = {https://ui.adsabs.harvard.edu/abs/2005ApJ...628..811S},
 archiveprefix = {arXiv},
 author = {{Swartz}, Douglas A. and {Drake}, Jeremy J. and {Elsner}, Ronald F. and {Ghosh}, Kajal K. and {Grady}, Carol A. and {Wassell}, Edward and {Woodgate}, Bruce E. and {Kimble}, Randy A.},
 doi = {10.1086/429984},
 eprint = {astro-ph/0503076},
 journal = {\apj},
 keywords = {Stars: Emission-Line, Be, Stars: Individual: Henry Draper Number: HD 163296, Stars: Pre-Main-Sequence, X-Rays: Stars, Astrophysics},
 month = {August},
 number = {2},
 pages = {811-816},
 primaryclass = {astro-ph},
 title = {{The Herbig Ae Star HD 163296 in X-Rays}},
 volume = {628},
 year = {2005}
}

@article{Ustamujic_2016,
 adsnote = {Provided by the SAO/NASA Astrophysics Data System},
 adsurl = {https://ui.adsabs.harvard.edu/abs/2016A&A...596A..99U},
 archiveprefix = {arXiv},
 author = {{Ustamujic}, S. and {Orlando}, S. and {Bonito}, R. and {Miceli}, M. and {G{\'o}mez de Castro}, A.~I. and {L{\'o}pez-Santiago}, J.},
 doi = {10.1051/0004-6361/201628712},
 eid = {A99},
 eprint = {1607.08172},
 journal = {\aap},
 keywords = {ISM: jets and outflows, magnetohydrodynamics (MHD), ISM: magnetic fields, stars: protostars, ISM: structure, X-rays: ISM, Astrophysics - Solar and Stellar Astrophysics, Astrophysics - High Energy Astrophysical Phenomena},
 month = {December},
 pages = {A99},
 primaryclass = {astro-ph.SR},
 title = {{Formation of X-ray emitting stationary shocks in magnetized protostellar jets}},
 volume = {596},
 year = {2016}
}

@article{Ustamujic_2018,
 adsnote = {Provided by the SAO/NASA Astrophysics Data System},
 adsurl = {https://ui.adsabs.harvard.edu/abs/2018A&A...615A.124U},
 archiveprefix = {arXiv},
 author = {{Ustamujic}, S. and {Orlando}, S. and {Bonito}, R. and {Miceli}, M. and {G{\'o}mez de Castro}, A.~I.},
 doi = {10.1051/0004-6361/201732391},
 eid = {A124},
 eprint = {1803.05964},
 journal = {\aap},
 keywords = {ISM: jets and outflows, magnetohydrodynamics (MHD), X-rays: ISM, stars: pre-main sequence, ISM: individual objects: HH 154, stars: individual: DG Tau, Astrophysics - Solar and Stellar Astrophysics},
 month = {July},
 pages = {A124},
 primaryclass = {astro-ph.SR},
 title = {{Structure of X-ray emitting jets close to the launching site: from embedded to disk-bearing sources}},
 volume = {615},
 year = {2018}
}

@ARTICLE{Watson_2016,
   author = {{Watson}, D.~M. and {Calvet}, N.~P. and {Fischer}, W.~J. and 
	{Forrest}, W.~J. and {Manoj}, P. and {Megeath}, S.~T. and {Melnick}, G.~J. and 
	{Najita}, J. and {Neufeld}, D.~A. and {Sheehan}, P.~D. and {Stutz}, A.~M. and 
	{Tobin}, J.~J.},
    title = "{Evolution of Mass Outflow in Protostars}",
  journal = {\apj},
archivePrefix = "arXiv",
   eprint = {1511.04787},
 primaryClass = "astro-ph.SR",
 keywords = {Herbig{\ndash}Haro objects, ISM: jets and outflows, shock waves, stars: jets, stars: pre-main sequence, stars: protostars},
     year = 2016,
    month = sep,
   volume = 828,
      eid = {52},
    pages = {52},
      doi = {10.3847/0004-637X/828/1/52},
   adsurl = {http://adsabs.harvard.edu/abs/2016ApJ...828...52W},
  adsnote = {Provided by the SAO/NASA Astrophysics Data System}
}

@article{White_2000,
 adsnote = {Provided by the SAO/NASA Astrophysics Data System},
 adsurl = {https://ui.adsabs.harvard.edu/abs/2000A&A...364..741W},
 author = {{White}, G.~J. and {Liseau}, R. and {Men'shchikov}, A.~B. and {Justtanont}, K. and {Nisini}, B. and {Benedettini}, M. and {Caux}, E. and {Ceccarelli}, C. and {Correia}, J.~C. and {Giannini}, T. and {Kaufman}, M. and {Lorenzetti}, D. and {Molinari}, S. and {Saraceno}, P. and {Smith}, H.~A. and {Spinoglio}, L. and {Tommasi}, E.},
 journal = {\aap},
 keywords = {ISM: DUST, EXTINCTION, ISM: INDIVIDUAL OBJECTS: L1551, ISM: JETS AND OUTFLOWS, STARS: PRE-MAIN SEQUENCE, INFRARED: ISM: LINES AND BANDS, INFRARED: STARS},
 month = {December},
 pages = {741-762},
 title = {{An infrared study of the L1551 star formation region}},
 volume = {364},
 year = {2000}
}

@article{Zanni_2013,
 adsnote = {Provided by the SAO/NASA Astrophysics Data System},
 adsurl = {https://ui.adsabs.harvard.edu/abs/2013A&A...550A..99Z},
 archiveprefix = {arXiv},
 author = {{Zanni}, C. and {Ferreira}, J.},
 doi = {10.1051/0004-6361/201220168},
 eid = {A99},
 eprint = {1211.4844},
 journal = {\aap},
 keywords = {stars: rotation, stars: magnetic field, accretion, accretion disks, ISM: jets and outflows, magnetohydrodynamics (MHD), methods: numerical, Astrophysics - Solar and Stellar Astrophysics},
 month = {February},
 pages = {A99},
 primaryclass = {astro-ph.SR},
 title = {{MHD simulations of accretion onto a dipolar magnetosphere. II. Magnetospheric ejections and stellar spin-down}},
 volume = {550},
 year = {2013}
}
